1709 2885
171 92 224 132 58
671 94 704 128 G.
724 92 927 126 SALLUSTI
952 91 1086 126 CRISPI

110 203 148 235 14
171 198 324 238 caedem
348 198 386 237 in
407 210 474 237 vos
494 198 632 237 secisse
653 209 725 248 pro
746 196 990 235 munimento
1011 194 1166 235 habent.
1207 195 1257 234 ita
1279 207 1393 247 quam
1419 195 1585 248 quisque

170 267 352 307 pessume
379 254 472 294 fecit
500 261 575 294 tam
605 265 782 293 maxume
802 259 908 291 tutus
929 257 998 291 est.
1038 258 1183 290 metum
1203 250 1250 290 ab
1281 252 1427 291 scelere
1446 264 1517 291 suo
1539 252 1585 292 ad

172 311 358 362 ignaviam
395 317 558 350 vostram
594 309 848 355 transtulere,
885 321 983 359 quos
1019 308 1145 347 omnis
1180 307 1310 347 eadem
1347 320 1490 360 cupere
1522 320 1586 348 ea-

112 372 150 404 15
172 368 258 407 dem
287 367 414 406 odisse
445 367 577 406 eadem
600 372 773 405 metuere
796 366 833 403 in
857 376 980 404 unum
1001 364 1138 416 coegit.
1182 364 1247 403 sed
1268 364 1364 404 haec
1385 365 1487 404 inter
1514 364 1585 404 bo-

114 428 149 460 16
172 436 244 463 nos
273 424 436 462 amicitia
466 424 568 462 inter
598 423 719 461 malos
749 421 863 460 factio
894 427 962 461 est.
1011 420 1150 472 quodsi
1186 426 1261 459 tam
1294 433 1362 460 vos
1398 421 1586 461 libertatis

172 492 303 521 curam
326 479 518 518 haberetis
539 491 653 530 quam
676 478 728 517 illi
744 478 790 517 ad
806 477 1106 517 dominationem
1124 478 1276 516 accensi
1293 483 1397 525 sunt,
1412 477 1586 529 profecto

173 549 301 589 neque
322 549 385 575 res
406 536 572 587 publica,
596 535 705 574 sicuti
731 547 848 582 nunc,
870 540 1082 573 vastaretur
1103 539 1140 573 et
1160 533 1337 573 benificia
1365 541 1491 573 vostra
1518 545 1587 584 pe-

114 598 148 629 17
174 606 244 633 nes
275 600 456 644 optumos
486 605 565 630 non
596 591 886 631 audacissumos
916 591 1054 629 forent.
1096 591 1260 629 maiores
1280 591 1395 629 vostri
1427 589 1587 642 parandi

173 650 268 688 iuris
299 655 337 688 et
365 648 574 688 maiestatis
604 647 896 686 constituendae
926 647 1044 698 gratia
1066 647 1123 685 bis
1154 659 1223 698 per
1244 647 1504 686 secessionem
1526 657 1588 684 ar·

172 706 262 745 mati
294 706 525 744 Aventinum
558 716 808 755 occupavere.
857 716 924 742 vos
953 715 1023 754 pro
1053 703 1250 750 libertate,
1282 704 1397 754 quam
1431 702 1476 741 ab
1512 701 1588 740 illis

173 761 399 813 accepistis,
430 773 562 800 nonne
592 773 741 799 summa
771 773 844 812 ope
874 758 1080 799 nitemini?
1102 766 1217 810 atque
1239 772 1282 798 eo
1310 757 1588 806 vehementius,

174 831 251 871 quo
280 819 403 857 maius
435 818 601 856 dedecus
635 823 692 856 est
712 823 818 869 parta
848 817 1023 855 amittere
1054 828 1166 866 quam
1190 815 1349 854 omnino
1373 827 1451 854 non
1479 826 1590 866 para-

116 879 150 912 18
173 876 284 914 visse.
327 875 427 914 dicet
455 873 595 925 aliquis
610 870 724 925 ‘quid
746 873 865 923 igitur
886 870 1050 911 censes?
1071 873 1343 911 vindicandum
1367 872 1404 910 in
1437 883 1503 910 eos
1525 870 1590 922 qui

173 932 275 971 hosti
296 931 503 981 prodidere
524 942 604 969 rem
626 925 845 982 publicam.³
888 942 966 968 non
989 941 1105 967 manu
1129 941 1254 979 neque
1276 928 1323 975 vi,
1346 928 1447 979 quod
1471 927 1592 978 magis

174 1001 241 1028 vos
262 988 400 1027 secisse
417 999 532 1038 quam
549 987 623 1025 illis
640 986 823 1025 accidisse
842 986 1043 1036 indignum
1063 991 1133 1033 est,
1151 997 1281 1023 verum
1298 983 1592 1035 quaestionibus

115 1048 152 1081 19
176 1051 213 1084 et
234 1044 376 1084 indicio
399 1044 522 1095 ipsius
542 1043 764 1094 Iugurthae.
806 1043 870 1093 qui
895 1042 924 1080 si
948 1041 1151 1080 dediticius
1173 1048 1243 1086 est,
1267 1042 1442 1092 protecto
1478 1039 1593 1078 iussis

174 1101 314 1140 vostris
343 1101 553 1139 oboediens
584 1100 675 1146 erit,
708 1099 768 1138 siu
801 1112 841 1138 ea
865 1097 1099 1144 contemnit,
1131 1097 1279 1136 scilicet
1300 1096 1591 1138 existumabitis,

177 1157 300 1210 qualis
322 1157 382 1196 illa
404 1169 475 1208 pax
498 1162 561 1195 aut
584 1156 725 1195 deditio
747 1156 808 1202 sit,
832 1168 875 1193 ex
899 1166 971 1205 qua
995 1154 1039 1192 ad
1062 1153 1285 1203 Iugurtham
1310 1152 1499 1191 scelerum
1522 1152 1594 1190 im·

176 1214 345 1266 punitas,
376 1214 421 1252 ad
453 1225 597 1264 paucos
628 1211 799 1264 potentis
821 1222 1019 1249 maxumae
1041 1209 1204 1257 divitiae,
1227 1209 1270 1248 ad
1298 1220 1378 1247 rem
1401 1208 1594 1260 publicam

113 1275 152 1308 20
176 1271 313 1310 damna
348 1277 464 1320 atque
499 1270 687 1308 dedecora
723 1267 983 1319 pervenerint.
1026 1266 1098 1305 nisi
1137 1268 1234 1305 forte
1275 1265 1448 1304 nondum
1483 1265 1595 1304 etiam

176 1340 243 1366 vos
272 1326 548 1365 dominationis
579 1337 712 1364 eorum
744 1325 896 1363 satietas
926 1329 1032 1362 tenet
1063 1328 1102 1361 et
1132 1323 1193 1361 illa
1229 1334 1343 1373 quam
1375 1321 1469 1360 haec
1499 1328 1596 1360 tem-

177 1395 271 1436 pora
292 1383 414 1433 magis
435 1382 602 1433 placent,
625 1393 712 1421 cum
734 1393 856 1433 regna
878 1380 1099 1431 provinciae
1120 1379 1224 1429 leges
1245 1379 1329 1417 iura
1345 1377 1485 1417 iudicia
1499 1377 1596 1417 bella

177 1447 291 1492 atque
321 1451 448 1490 paces,
485 1445 682 1490 postremo
718 1438 843 1476 divina
874 1443 910 1476 et
939 1437 1104 1475 humana
1135 1435 1262 1474 omnia
1295 1447 1415 1486 penes
1450 1446 1596 1486 paucos

175 1503 297 1543 erant,
319 1508 386 1534 vos
408 1501 547 1542 autem,
572 1495 645 1533 hoc
666 1500 723 1533 est
744 1493 913 1545 populus
935 1493 1146 1539 Romanus,
1168 1491 1298 1530 invicti
1329 1491 1375 1529 ab
1404 1490 1595 1537 hostibus,

175 1554 429 1604 imperatores
459 1551 633 1589 omnium
667 1551 838 1599 gentium
869 1549 960 1588 satis
990 1548 1187 1587 habebatis
1216 1547 1380 1586 animam
1403 1547 1591 1586 retinere:

113 1614 150 1647 21
176 1621 262 1649 nam
295 1609 516 1647 servitutem
550 1607 705 1658 quidem
738 1606 824 1657 quis
856 1612 1027 1644 vostrum
1051 1616 1230 1643 recusare
1251 1601 1445 1643 audebat?
1480 1608 1596 1654 atque

177 1678 261 1717 ego,
285 1664 433 1704 tametsi
455 1664 536 1702 viro
559 1663 915 1714 flagitiosissumum
939 1662 1128 1700 existumo
1152 1661 1301 1712 inpune
1330 1660 1511 1698 iniuriam
1533 1671 1597 1698 ac-

175 1722 338 1774 cepisse,
360 1728 487 1759 tamen
511 1732 576 1759 vos
598 1719 822 1757 hominibus
843 1717 1163 1756 sceleratissumis
1177 1717 1395 1767 ignoscere,
1412 1716 1596 1767 quoniam

177 1779 277 1817 cives
308 1783 412 1824 sunt,
445 1788 568 1826 aequo
599 1776 728 1814 animo
758 1779 934 1825 paterer,
965 1774 1004 1812 ni
1034 1773 1298 1812 misericordia
1320 1773 1360 1811 in
1382 1772 1596 1823 perniciem

114 1840 153 1872 22
177 1846 312 1874 casura
335 1840 446 1873 esset.
489 1844 576 1871 nam
600 1838 637 1871 et
653 1831 741 1878 illis,
760 1835 947 1882 quantum
965 1829 1269 1881 importunitatis
1283 1828 1438 1876 habent,
1458 1840 1596 1879 parum

177 1897 235 1931 est
263 1891 412 1941 inpune
443 1889 541 1928 male
569 1889 729 1934 secisse,
762 1887 836 1926 nisi
868 1886 1006 1926 deinde
1036 1885 1207 1924 faciundi
1236 1884 1391 1924 licentia
1419 1884 1596 1936 eripitur,

179 1954 215 1987 et
235 1947 343 1985 vobis
364 1951 517 1985 aeterna
540 1944 758 1983 sollicitudo
781 1943 1017 1990 remanebit,
1040 1954 1128 1981 cum
1160 1941 1391 1991 intellegetis
1420 1945 1487 1980 aut
1514 1952 1597 1979 ser-

116 2009 155 2042 23
177 2004 364 2042 viundum
397 2014 481 2041 esse
513 2007 578 2040 aut
605 2013 676 2052 per
705 2012 842 2038 manus
864 1999 1078 2039 libertatem
1100 1997 1357 2037 retinendam.
1399 2009 1487 2036 nam
1506 1996 1595 2037 fidei

179 2059 334 2112 quidem
364 2064 430 2098 aut
459 2057 689 2096 concordiae
717 2066 815 2107 quae
845 2068 935 2107 spes
965 2053 1051 2094 est?
1081 2054 1270 2093 dominari
1294 2053 1346 2092 illi
1375 2053 1512 2092 volunt
1530 2064 1597 2091 vos

178 2116 289 2156 liberi
313 2128 409 2162 esse,
430 2116 558 2153 facere
579 2113 631 2152 illi
654 2112 814 2151 iniurias
835 2125 901 2151 vos
923 2111 1144 2163 prohibere,
1167 2118 1364 2162 postremo
1384 2109 1501 2148 sociis
1527 2121 1598 2148 no-

115 2177 156 2211 24
179 2174 268 2212 stris
289 2172 405 2211 veluti
427 2170 616 2215 hostibus,
639 2169 815 2208 hostibus
838 2181 909 2220 pro
926 2168 1042 2207 sociis
1057 2173 1236 2207 utuntur.
1267 2172 1447 2218 potestne
1463 2165 1502 2204 in
1519 2170 1595 2204 tam

270 2295 288 2328 3
314 2293 401 2326 idem
431 2303 552 2337 cupere
571 2292 624 2335 Vp
651 2293 706 2332 (in
729 2293 872 2332 marg),
905 2289 1021 2323 eadem
1053 2299 1173 2333 cupere
1206 2299 1270 2321 om.
1297 2287 1425 2319 Donat.
1453 2288 1491 2318 in
1521 2285 1594 2318 Ter.

180 2340 258 2372 Hec.
276 2339 341 2372 170
360 2338 371 2382 Η
388 2341 406 2371 5
426 2338 526 2372 fastio
543 2338 597 2370 vel
609 2337 707 2371 sartio
727 2336 787 2378 Vss
805 2345 916 2368 curam
934 2335 1099 2367 libertatis
1118 2334 1152 2367 V
1167 2333 1179 2377 ΙΙ
1196 2336 1215 2368 6
1232 2332 1441 2377 profectione
1459 2341 1525 2374 que
1544 2329 1599 2378 Vn

182 2386 220 2418 12
245 2384 352 2417 maius
379 2383 447 2424 VC,
473 2383 580 2426 magis
604 2381 660 2416 PC
675 2381 687 2425 ΙΙ
709 2383 745 2415 13
771 2390 889 2414 censes
915 2391 960 2412 az:
985 2383 1099 2413 censet
1117 2378 1170 2423 ΡΙΙ
1194 2381 1232 2412 15
1250 2388 1311 2411 uos
1333 2376 1337 2418 Ι
1358 2376 1457 2409 uobis
1475 2376 1534 2420 Vl}
1557 2379 1595 2410 17

179 2432 368 2464 contemnet
390 2429 448 2472 Vll
467 2428 675 2471 contempnit
701 2426 880 2469 [profecto]
909 2425 1015 2467 (glosa
1034 2428 1126 2457 ests.
1144 2435 1169 2456 s.
1183 2424 1220 2466 p)
1237 2422 1367 2456 scilicet
1384 2422 1413 2454 P
1427 2420 1439 2465 ΙΙ
1456 2423 1496 2454 27
1524 2422 1596 2456 uiro

181 2485 275 2527 PVC,
308 2486 416 2518 uirum
444 2484 494 2528 Cu
515 2487 556 2518 28
583 2484 777 2518 scelerantis
806 2483 909 2515 simus
935 2483 971 2516 P.
997 2492 1088 2514 corr.
1109 2491 1134 2523 p
1153 2479 1224 2521 1129
1249 2481 1326 2512 sunt
1350 2489 1375 2510 s.
1401 2488 1426 2510 ε.
1452 2477 1507 2521 Pu
1524 2487 1597 2520 per-

179 2541 293 2564 necem
327 2542 372 2563 ea:
404 2531 584 2574 perniciem
612 2528 665 2573 ΡΙΙ
682 2530 724 2563 32
757 2532 891 2561 aeterna
924 2526 965 2562 C.
999 2526 1125 2559 alterna
1152 2523 1263 2566 VPCfl
1283 2525 1324 2556 :35
1350 2522 1474 2556 nostris
1499 2522 1596 2563 PVC,

178 2576 302 2609 uostris
330 2575 442 2619 01136
467 2575 621 2609 hostibus
646 2573 800 2607 hostibus
830 2572 863 2611 C,
884 2574 987 2614 prius
1012 2581 1099 2603 eras.
1125 2571 1162 2601 in
1184 2569 1219 2610 P,
1244 2568 1394 2601 alterum
1419 2577 1485 2600 om.
1503 2567 1566 2600 VC

1620 708 1656 741 10

1626 989 1681 1021 15·

1627 2084 1686 2147 353⁵
