<?xml version="1.0" encoding="UTF-8"?>
<!DOCTYPE html PUBLIC "-//W3C//DTD XHTML 1.0 Transitional//EN"
    "http://www.w3.org/TR/xhtml1/DTD/xhtml1-transitional.dtd">
<html xmlns="http://www.w3.org/1999/xhtml" xml:lang="en" lang="en">
 <head>
  <title>
</title>
<meta http-equiv="Content-Type" content="text/html;charset=utf-8" />
  <meta name='ocr-system' content='tesseract 3.04.00' />
  <meta name='ocr-capabilities' content='ocr_page ocr_carea ocr_par ocr_line ocrx_word'/>
</head>
<body>
  <div class='ocr_page' id='page_1' title='image "./catilinajugurtha00salluoft_0031.png"; bbox 0 0 1709 2885; ppageno 0'>
   <div class='ocr_carea' id='block_1_1' title="bbox 506 65 1535 104">
    <p class='ocr_par' dir='ltr' id='par_1_1' title="bbox 506 65 1535 104">
     <span class='ocr_line' id='line_1_1' title="bbox 506 65 1535 104; baseline 0.005 -5"><span class='ocrx_word' id='word_1_1' title='bbox 506 65 560 100; x_wconf 88' lang='lat' dir='ltr'>DE</span> <span class='ocrx_word' id='word_1_2' title='bbox 586 65 903 100; x_wconf 82' lang='lat' dir='ltr'>CONIURATIONE</span> <span class='ocrx_word' id='word_1_3' title='bbox 927 66 1152 101; x_wconf 78' lang='lat' dir='ltr'><strong>CATILINAE</strong></span> <span class='ocrx_word' id='word_1_4' title='bbox 1512 67 1535 104; x_wconf 92' lang='lat'>5</span> 
     </span>
    </p>
   </div>
   <div class='ocr_carea' id='block_1_2' title="bbox 124 169 1591 2131">
    <p class='ocr_par' dir='ltr' id='par_1_2' title="bbox 124 169 1580 716">
     <span class='ocr_line' id='line_1_2' title="bbox 127 169 1537 221; baseline 0 -11"><span class='ocrx_word' id='word_1_5' title='bbox 127 176 347 217; x_wconf 79' lang='lat' dir='ltr'>conterere,</span> <span class='ocrx_word' id='word_1_6' title='bbox 369 181 497 221; x_wconf 86' lang='lat' dir='ltr'>neque</span> <span class='ocrx_word' id='word_1_7' title='bbox 517 180 608 208; x_wconf 90' lang='lat' dir='ltr'>vero</span> <span class='ocrx_word' id='word_1_8' title='bbox 627 179 764 220; x_wconf 81' lang='lat' dir='ltr'>agrum</span> <span class='ocrx_word' id='word_1_9' title='bbox 785 169 953 209; x_wconf 91' lang='lat' dir='ltr'>colundo</span> <span class='ocrx_word' id='word_1_10' title='bbox 973 175 1039 209; x_wconf 88' lang='lat' dir='ltr'>aut</span> <span class='ocrx_word' id='word_1_11' title='bbox 1057 170 1233 210; x_wconf 88' lang='lat' dir='ltr'>venando</span> <span class='ocrx_word' id='word_1_12' title='bbox 1254 170 1457 210; x_wconf 89' lang='lat' dir='ltr'>servilibus</span> <span class='ocrx_word' id='word_1_13' title='bbox 1478 172 1537 210; x_wconf 80' lang='lat' dir='ltr'>of-</span> 
     </span>
     <span class='ocr_line' id='line_1_3' title="bbox 125 226 1578 278; baseline 0 -12"><span class='ocrx_word' id='word_1_14' title='bbox 125 227 223 266; x_wconf 89' lang='lat' dir='ltr'>ficiis</span> <span class='ocrx_word' id='word_1_15' title='bbox 251 227 444 266; x_wconf 89' lang='lat' dir='ltr'>intentum</span> <span class='ocrx_word' id='word_1_16' title='bbox 472 231 633 265; x_wconf 83' lang='lat' dir='ltr'>aetatem</span> <span class='ocrx_word' id='word_1_17' title='bbox 662 237 798 276; x_wconf 84' lang='lat' dir='ltr'>agere3</span> <span class='ocrx_word' id='word_1_18' title='bbox 828 226 895 265; x_wconf 87' lang='lat' dir='ltr'>sed</span> <span class='ocrx_word' id='word_1_19' title='bbox 915 238 935 265; x_wconf 88' lang='lat' dir='ltr'>a</span> <span class='ocrx_word' id='word_1_20' title='bbox 965 239 1042 278; x_wconf 89' lang='lat' dir='ltr'>quo</span> <span class='ocrx_word' id='word_1_21' title='bbox 1062 227 1221 278; x_wconf 88' lang='lat' dir='ltr'>incepto</span> <span class='ocrx_word' id='word_1_22' title='bbox 1242 226 1451 278; x_wconf 89' lang='lat' dir='ltr'>studioque</span> <span class='ocrx_word' id='word_1_23' title='bbox 1473 240 1536 266; x_wconf 91' lang='lat' dir='ltr'>me</span> <span class='ocrx_word' id='word_1_24' title='bbox 1559 233 1578 265; x_wconf 83' lang='lat'><strong>2</strong></span> 
     </span>
     <span class='ocr_line' id='line_1_4' title="bbox 125 282 1536 335; baseline 0 -13"><span class='ocrx_word' id='word_1_25' title='bbox 125 283 283 322; x_wconf 79' lang='lat' dir='ltr'><strong>ambitio</strong></span> <span class='ocrx_word' id='word_1_26' title='bbox 304 283 399 321; x_wconf 88' lang='lat' dir='ltr'>mala</span> <span class='ocrx_word' id='word_1_27' title='bbox 421 282 650 328; x_wconf 80' lang='lat' dir='ltr'>detinuerat,</span> <span class='ocrx_word' id='word_1_28' title='bbox 672 282 806 321; x_wconf 93' lang='lat' dir='ltr'>eodem</span> <span class='ocrx_word' id='word_1_29' title='bbox 821 293 1023 332; x_wconf 85' lang='lat' dir='ltr'>regressus</span> <span class='ocrx_word' id='word_1_30' title='bbox 1043 283 1158 322; x_wconf 85' lang='lat' dir='ltr'>statui</span> <span class='ocrx_word' id='word_1_31' title='bbox 1178 295 1242 322; x_wconf 93' lang='lat' dir='ltr'>res</span> <span class='ocrx_word' id='word_1_32' title='bbox 1257 290 1382 333; x_wconf 82' lang='lat' dir='ltr'>gestas</span> <span class='ocrx_word' id='word_1_33' title='bbox 1398 284 1536 335; x_wconf 89' lang='lat' dir='ltr'>populi</span> 
     </span>
     <span class='ocr_line' id='line_1_5' title="bbox 125 338 1538 391; baseline 0 -13"><span class='ocrx_word' id='word_1_34' title='bbox 125 339 289 378; x_wconf 87' lang='lat' dir='ltr'>Romani</span> <span class='ocrx_word' id='word_1_35' title='bbox 311 339 486 390; x_wconf 89' lang='lat' dir='ltr'>carptim,</span> <span class='ocrx_word' id='word_1_36' title='bbox 508 343 551 377; x_wconf 88' lang='lat' dir='ltr'>ut</span> <span class='ocrx_word' id='word_1_37' title='bbox 570 349 748 388; x_wconf 87' lang='lat' dir='ltr'>quaeque</span> <span class='ocrx_word' id='word_1_38' title='bbox 767 338 953 378; x_wconf 88' lang='lat' dir='ltr'>memoria</span> <span class='ocrx_word' id='word_1_39' title='bbox 973 339 1088 389; x_wconf 84' lang='lat' dir='ltr'>digna</span> <span class='ocrx_word' id='word_1_40' title='bbox 1109 338 1347 382; x_wconf 76' lang='lat' dir='ltr'>videbantur,</span> <span class='ocrx_word' id='word_1_41' title='bbox 1368 340 1538 391; x_wconf 87' lang='lat' dir='ltr'>perscri-</span> 
     </span>
     <span class='ocr_line' id='line_1_6' title="bbox 124 393 1538 446; baseline 0.001 -12"><span class='ocrx_word' id='word_1_42' title='bbox 124 396 229 443; x_wconf 89' lang='lat' dir='ltr'>bere;</span> <span class='ocrx_word' id='word_1_43' title='bbox 252 407 296 434; x_wconf 91' lang='lat' dir='ltr'>eo</span> <span class='ocrx_word' id='word_1_44' title='bbox 317 395 452 446; x_wconf 84' lang='lat' dir='ltr'>magis,</span> <span class='ocrx_word' id='word_1_45' title='bbox 474 393 577 445; x_wconf 85' lang='lat' dir='ltr'>quod</span> <span class='ocrx_word' id='word_1_46' title='bbox 597 393 692 432; x_wconf 85' lang='lat' dir='ltr'>mihi</span> <span class='ocrx_word' id='word_1_47' title='bbox 713 407 734 433; x_wconf 90' lang='lat' dir='ltr'>a</span> <span class='ocrx_word' id='word_1_48' title='bbox 754 407 834 445; x_wconf 88' lang='lat' dir='ltr'>spe,</span> <span class='ocrx_word' id='word_1_49' title='bbox 854 401 974 442; x_wconf 89' lang='lat' dir='ltr'>metu,</span> <span class='ocrx_word' id='word_1_50' title='bbox 994 395 1170 446; x_wconf 87' lang='lat' dir='ltr'>partibus</span> <span class='ocrx_word' id='word_1_51' title='bbox 1186 396 1243 435; x_wconf 92' lang='lat' dir='ltr'>rei</span> <span class='ocrx_word' id='word_1_52' title='bbox 1259 395 1437 446; x_wconf 91' lang='lat' dir='ltr'>publicae</span> <span class='ocrx_word' id='word_1_53' title='bbox 1454 397 1538 435; x_wconf 91' lang='lat' dir='ltr'>ani-</span> 
     </span>
     <span class='ocr_line' id='line_1_7' title="bbox 124 450 1578 502; baseline -0.002 -12"><span class='ocrx_word' id='word_1_54' title='bbox 124 464 212 491; x_wconf 88' lang='lat' dir='ltr'>mus</span> <span class='ocrx_word' id='word_1_55' title='bbox 233 451 332 490; x_wconf 90' lang='lat' dir='ltr'>liber</span> <span class='ocrx_word' id='word_1_56' title='bbox 351 456 444 490; x_wconf 87' lang='lat' dir='ltr'>erat.</span> <span class='ocrx_word' id='word_1_57' title='bbox 502 450 620 501; x_wconf 85' lang='lat' dir='ltr'>igitur</span> <span class='ocrx_word' id='word_1_58' title='bbox 640 450 687 489; x_wconf 88' lang='lat' dir='ltr'>de</span> <span class='ocrx_word' id='word_1_59' title='bbox 709 450 894 490; x_wconf 79' lang='lat' dir='ltr'>Catilinae</span> <span class='ocrx_word' id='word_1_60' title='bbox 909 451 1178 490; x_wconf 88' lang='lat' dir='ltr'>coniuratione</span> <span class='ocrx_word' id='word_1_61' title='bbox 1194 464 1309 502; x_wconf 89' lang='lat' dir='ltr'>quam</span> <span class='ocrx_word' id='word_1_62' title='bbox 1325 452 1537 491; x_wconf 84' lang='lat' dir='ltr'>verissume</span> <span class='ocrx_word' id='word_1_63' title='bbox 1560 457 1578 487; x_wconf 84' lang='lat'>3</span> 
     </span>
     <span class='ocr_line' id='line_1_8' title="bbox 125 506 1580 559; baseline -0.001 -13"><span class='ocrx_word' id='word_1_64' title='bbox 125 515 263 559; x_wconf 90' lang='lat' dir='ltr'>potero</span> <span class='ocrx_word' id='word_1_65' title='bbox 292 508 426 558; x_wconf 85' lang='lat' dir='ltr'>paucis</span> <span class='ocrx_word' id='word_1_66' title='bbox 446 506 661 546; x_wconf 87' lang='lat' dir='ltr'>absolvam:</span> <span class='ocrx_word' id='word_1_67' title='bbox 687 518 776 545; x_wconf 91' lang='lat' dir='ltr'>nam</span> <span class='ocrx_word' id='word_1_68' title='bbox 797 507 835 545; x_wconf 93' lang='lat' dir='ltr'>id</span> <span class='ocrx_word' id='word_1_69' title='bbox 855 507 1006 546; x_wconf 83' lang='lat' dir='ltr'>facinus</span> <span class='ocrx_word' id='word_1_70' title='bbox 1027 508 1065 546; x_wconf 90' lang='lat' dir='ltr'>in</span> <span class='ocrx_word' id='word_1_71' title='bbox 1087 508 1224 559; x_wconf 87' lang='lat' dir='ltr'>primis</span> <span class='ocrx_word' id='word_1_72' title='bbox 1254 520 1325 558; x_wconf 82' lang='lat' dir='ltr'>ego</span> <span class='ocrx_word' id='word_1_73' title='bbox 1345 520 1536 547; x_wconf 89' lang='lat' dir='ltr'>memora·</span> <span class='ocrx_word' id='word_1_74' title='bbox 1560 514 1580 545; x_wconf 74' lang='lat'>4</span> 
     </span>
     <span class='ocr_line' id='line_1_9' title="bbox 124 562 1578 614; baseline -0.001 -11"><span class='ocrx_word' id='word_1_75' title='bbox 124 564 203 603; x_wconf 92' lang='lat' dir='ltr'>bile</span> <span class='ocrx_word' id='word_1_76' title='bbox 223 565 412 603; x_wconf 82' lang='lat' dir='ltr'>existumo</span> <span class='ocrx_word' id='word_1_77' title='bbox 434 562 590 603; x_wconf 89' lang='lat' dir='ltr'>sceleris</span> <span class='ocrx_word' id='word_1_78' title='bbox 611 569 726 614; x_wconf 90' lang='lat' dir='ltr'>atque</span> <span class='ocrx_word' id='word_1_79' title='bbox 743 563 907 613; x_wconf 84' lang='lat' dir='ltr'>periculi</span> <span class='ocrx_word' id='word_1_80' title='bbox 928 564 1108 603; x_wconf 84' lang='lat' dir='ltr'>novitate.</span> <span class='ocrx_word' id='word_1_81' title='bbox 1169 564 1215 603; x_wconf 93' lang='lat' dir='ltr'>de</span> <span class='ocrx_word' id='word_1_82' title='bbox 1236 565 1347 603; x_wconf 84' lang='lat' dir='ltr'>cuius</span> <span class='ocrx_word' id='word_1_83' title='bbox 1367 565 1537 603; x_wconf 90' lang='lat' dir='ltr'>hominis</span> <span class='ocrx_word' id='word_1_84' title='bbox 1559 570 1578 600; x_wconf 80' lang='lat'><em>5</em></span> 
     </span>
     <span class='ocr_line' id='line_1_10' title="bbox 126 619 1536 671; baseline 0 -12"><span class='ocrx_word' id='word_1_85' title='bbox 126 619 301 659; x_wconf 90' lang='lat' dir='ltr'>moribus</span> <span class='ocrx_word' id='word_1_86' title='bbox 329 632 451 671; x_wconf 88' lang='lat' dir='ltr'>pauca</span> <span class='ocrx_word' id='word_1_87' title='bbox 481 619 591 670; x_wconf 90' lang='lat' dir='ltr'>prius</span> <span class='ocrx_word' id='word_1_88' title='bbox 621 619 860 670; x_wconf 78' lang='lat' dir='ltr'>explananda</span> <span class='ocrx_word' id='word_1_89' title='bbox 890 626 1002 668; x_wconf 87' lang='lat' dir='ltr'>sunt,</span> <span class='ocrx_word' id='word_1_90' title='bbox 1033 632 1148 671; x_wconf 92' lang='lat' dir='ltr'>quam</span> <span class='ocrx_word' id='word_1_91' title='bbox 1178 620 1333 659; x_wconf 86' lang='lat' dir='ltr'>initium</span> <span class='ocrx_word' id='word_1_92' title='bbox 1355 621 1536 659; x_wconf 82' lang='lat' dir='ltr'>narrandi</span> 
     </span>
     <span class='ocr_line' id='line_1_11' title="bbox 126 677 274 716; baseline -0.007 -1"><span class='ocrx_word' id='word_1_93' title='bbox 126 677 274 716; x_wconf 85' lang='lat' dir='ltr'>faciam.</span> 
     </span>
    </p>

    <p class='ocr_par' dir='ltr' id='par_1_3' title="bbox 125 730 1586 1850">
     <span class='ocr_line' id='line_1_12' title="bbox 239 730 1586 783; baseline -0.001 -12"><span class='ocrx_word' id='word_1_94' title='bbox 239 732 282 771; x_wconf 91' lang='lat' dir='ltr'>L.</span> <span class='ocrx_word' id='word_1_95' title='bbox 296 731 468 778; x_wconf 84' lang='lat' dir='ltr'>Catilina,</span> <span class='ocrx_word' id='word_1_96' title='bbox 486 730 607 770; x_wconf 92' lang='lat' dir='ltr'>nobili</span> <span class='ocrx_word' id='word_1_97' title='bbox 625 743 768 781; x_wconf 78' lang='lat' dir='ltr'>genere</span> <span class='ocrx_word' id='word_1_98' title='bbox 785 737 911 779; x_wconf 88' lang='lat' dir='ltr'>natus,</span> <span class='ocrx_word' id='word_1_99' title='bbox 928 732 1002 772; x_wconf 90' lang='lat' dir='ltr'>suit</span> <span class='ocrx_word' id='word_1_100' title='bbox 1015 744 1153 783; x_wconf 83' lang='lat' dir='ltr'>magna</span> <span class='ocrx_word' id='word_1_101' title='bbox 1169 731 1205 770; x_wconf 81' lang='lat' dir='ltr'>vi</span> <span class='ocrx_word' id='word_1_102' title='bbox 1221 732 1386 771; x_wconf 87' lang='lat' dir='ltr'>etanimi</span> <span class='ocrx_word' id='word_1_103' title='bbox 1404 738 1440 771; x_wconf 91' lang='lat' dir='ltr'>et</span> <span class='ocrx_word' id='word_1_104' title='bbox 1451 744 1538 771; x_wconf 85' lang='lat' dir='ltr'>cor·</span> <span class='ocrx_word' id='word_1_105' title='bbox 1564 735 1586 770; x_wconf 77' lang='grc' dir='ltr'>ὃ</span> 
     </span>
     <span class='ocr_line' id='line_1_13' title="bbox 126 787 1579 840; baseline -0.001 -14"><span class='ocrx_word' id='word_1_106' title='bbox 126 789 234 840; x_wconf 89' lang='lat' dir='ltr'>poris</span> <span class='ocrx_word' id='word_1_107' title='bbox 254 788 321 826; x_wconf 90' lang='lat' dir='ltr'>sed</span> <span class='ocrx_word' id='word_1_108' title='bbox 340 787 500 838; x_wconf 85' lang='lat' dir='ltr'>ingenio</span> <span class='ocrx_word' id='word_1_109' title='bbox 519 787 620 825; x_wconf 88' lang='lat' dir='ltr'>malo</span> <span class='ocrx_word' id='word_1_110' title='bbox 643 800 850 838; x_wconf 85' lang='lat' dir='ltr'>pravoque.</span> <span class='ocrx_word' id='word_1_111' title='bbox 909 788 1002 827; x_wconf 90' lang='lat' dir='ltr'>huic</span> <span class='ocrx_word' id='word_1_112' title='bbox 1022 788 1068 827; x_wconf 91' lang='lat' dir='ltr'>ab</span> <span class='ocrx_word' id='word_1_113' title='bbox 1085 788 1348 827; x_wconf 82' lang='lat' dir='ltr'>adulescentia</span> <span class='ocrx_word' id='word_1_114' title='bbox 1361 788 1460 827; x_wconf 89' lang='lat' dir='ltr'>bella</span> <span class='ocrx_word' id='word_1_115' title='bbox 1476 789 1537 827; x_wconf 85' lang='lat' dir='ltr'>in·</span> <span class='ocrx_word' id='word_1_116' title='bbox 1560 794 1579 825; x_wconf 83' lang='lat'>2</span> 
     </span>
     <span class='ocr_line' id='line_1_14' title="bbox 125 843 1536 895; baseline -0.001 -12"><span class='ocrx_word' id='word_1_117' title='bbox 125 844 283 890; x_wconf 89' lang='lat' dir='ltr'>testina,</span> <span class='ocrx_word' id='word_1_118' title='bbox 305 844 465 891; x_wconf 85' lang='lat' dir='ltr'>caedes,</span> <span class='ocrx_word' id='word_1_119' title='bbox 487 844 666 895; x_wconf 87' lang='lat' dir='ltr'>rapinae,</span> <span class='ocrx_word' id='word_1_120' title='bbox 689 843 880 882; x_wconf 82' lang='lat' dir='ltr'>discordia</span> <span class='ocrx_word' id='word_1_121' title='bbox 901 844 1022 883; x_wconf 78' lang='lat' dir='ltr'>civilis</span> <span class='ocrx_word' id='word_1_122' title='bbox 1043 851 1149 895; x_wconf 87' lang='lat' dir='ltr'>grata</span> <span class='ocrx_word' id='word_1_123' title='bbox 1169 845 1298 894; x_wconf 86' lang='lat' dir='ltr'>fuere,</span> <span class='ocrx_word' id='word_1_124' title='bbox 1320 845 1451 895; x_wconf 91' lang='lat' dir='ltr'>ibique</span> <span class='ocrx_word' id='word_1_125' title='bbox 1476 845 1536 883; x_wconf 91' lang='lat' dir='ltr'>iu-</span> 
     </span>
     <span class='ocr_line' id='line_1_15' title="bbox 125 901 1580 952; baseline 0.001 -15"><span class='ocrx_word' id='word_1_126' title='bbox 125 906 320 940; x_wconf 77' lang='lat' dir='ltr'>ventutem</span> <span class='ocrx_word' id='word_1_127' title='bbox 342 912 450 939; x_wconf 91' lang='lat' dir='ltr'>suam</span> <span class='ocrx_word' id='word_1_128' title='bbox 466 901 650 939; x_wconf 81' lang='lat' dir='ltr'>exercuit.</span> <span class='ocrx_word' id='word_1_129' title='bbox 711 912 854 952; x_wconf 90' lang='lat' dir='ltr'>corpus</span> <span class='ocrx_word' id='word_1_130' title='bbox 868 901 1020 952; x_wconf 86' lang='lat' dir='ltr'>patiens</span> <span class='ocrx_word' id='word_1_131' title='bbox 1036 901 1197 946; x_wconf 87' lang='lat' dir='ltr'>inediae,</span> <span class='ocrx_word' id='word_1_132' title='bbox 1213 901 1368 951; x_wconf 82' lang='lat' dir='ltr'>algoris,</span> <span class='ocrx_word' id='word_1_133' title='bbox 1386 901 1537 951; x_wconf 76' lang='lat' dir='ltr'>vigiliae</span> <span class='ocrx_word' id='word_1_134' title='bbox 1561 906 1580 935; x_wconf 81' lang='grc'>3</span> 
     </span>
     <span class='ocr_line' id='line_1_16' title="bbox 127 955 1581 1008; baseline -0.001 -13"><span class='ocrx_word' id='word_1_135' title='bbox 127 969 244 1008; x_wconf 89' lang='lat' dir='ltr'>supra</span> <span class='ocrx_word' id='word_1_136' title='bbox 274 968 388 1007; x_wconf 90' lang='lat' dir='ltr'>quam</span> <span class='ocrx_word' id='word_1_137' title='bbox 409 956 590 1007; x_wconf 87' lang='lat' dir='ltr'>cuiquam</span> <span class='ocrx_word' id='word_1_138' title='bbox 611 955 793 995; x_wconf 88' lang='lat' dir='ltr'>credibile</span> <span class='ocrx_word' id='word_1_139' title='bbox 814 963 882 996; x_wconf 90' lang='lat' dir='ltr'>est..</span> <span class='ocrx_word' id='word_1_140' title='bbox 942 958 1095 996; x_wconf 89' lang='lat' dir='ltr'>animus</span> <span class='ocrx_word' id='word_1_141' title='bbox 1123 958 1246 996; x_wconf 74' lang='lat' dir='ltr'>audax</span> <span class='ocrx_word' id='word_1_142' title='bbox 1265 957 1454 996; x_wconf 89' lang='lat' dir='ltr'>subdolus</span> <span class='ocrx_word' id='word_1_143' title='bbox 1475 970 1537 996; x_wconf 81' lang='lat' dir='ltr'>va·</span> <span class='ocrx_word' id='word_1_144' title='bbox 1561 964 1581 994; x_wconf 79' lang='lat'>4</span> 
     </span>
     <span class='ocr_line' id='line_1_17' title="bbox 125 1012 1538 1064; baseline 0.001 -13"><span class='ocrx_word' id='word_1_145' title='bbox 125 1014 228 1059; x_wconf 89' lang='lat' dir='ltr'>rius,</span> <span class='ocrx_word' id='word_1_146' title='bbox 250 1013 361 1052; x_wconf 86' lang='lat' dir='ltr'>cuius</span> <span class='ocrx_word' id='word_1_147' title='bbox 381 1012 437 1051; x_wconf 89' lang='lat' dir='ltr'>rei</span> <span class='ocrx_word' id='word_1_148' title='bbox 458 1012 565 1051; x_wconf 86' lang='lat' dir='ltr'>lubet</span> <span class='ocrx_word' id='word_1_149' title='bbox 586 1012 789 1052; x_wconf 85' lang='lat' dir='ltr'>simulator</span> <span class='ocrx_word' id='word_1_150' title='bbox 815 1026 860 1052; x_wconf 89' lang='lat' dir='ltr'>ac</span> <span class='ocrx_word' id='word_1_151' title='bbox 880 1013 1162 1059; x_wconf 89' lang='lat' dir='ltr'>dissimulator,</span> <span class='ocrx_word' id='word_1_152' title='bbox 1194 1013 1309 1052; x_wconf 87' lang='lat' dir='ltr'>alieni</span> <span class='ocrx_word' id='word_1_153' title='bbox 1336 1014 1538 1064; x_wconf 86' lang='lat' dir='ltr'>adpetens,</span> 
     </span>
     <span class='ocr_line' id='line_1_18' title="bbox 125 1069 1538 1120; baseline 0.001 -13"><span class='ocrx_word' id='word_1_154' title='bbox 125 1069 186 1108; x_wconf 85' lang='lat' dir='ltr'>sui</span> <span class='ocrx_word' id='word_1_155' title='bbox 203 1069 401 1120; x_wconf 85' lang='lat' dir='ltr'>profusus,</span> <span class='ocrx_word' id='word_1_156' title='bbox 417 1069 558 1108; x_wconf 88' lang='lat' dir='ltr'>ardens</span> <span class='ocrx_word' id='word_1_157' title='bbox 573 1069 613 1107; x_wconf 91' lang='lat' dir='ltr'>in</span> <span class='ocrx_word' id='word_1_158' title='bbox 631 1069 924 1120; x_wconf 82' lang='lat' dir='ltr'>cupiditatibus:</span> <span class='ocrx_word' id='word_1_159' title='bbox 943 1070 1035 1108; x_wconf 89' lang='lat' dir='ltr'>satis</span> <span class='ocrx_word' id='word_1_160' title='bbox 1051 1069 1307 1120; x_wconf 82' lang='lat' dir='ltr'>eloquentiae,</span> <span class='ocrx_word' id='word_1_161' title='bbox 1328 1069 1538 1120; x_wconf 86' lang='lat' dir='ltr'>sapientiae</span> 
     </span>
     <span class='ocr_line' id='line_1_19' title="bbox 126 1125 1580 1176; baseline 0 -12"><span class='ocrx_word' id='word_1_162' title='bbox 126 1137 276 1176; x_wconf 88' lang='lat' dir='ltr'>parum.</span> <span class='ocrx_word' id='word_1_163' title='bbox 335 1130 462 1164; x_wconf 82' lang='lat' dir='ltr'>vastus</span> <span class='ocrx_word' id='word_1_164' title='bbox 483 1125 636 1164; x_wconf 90' lang='lat' dir='ltr'>animus</span> <span class='ocrx_word' id='word_1_165' title='bbox 656 1126 906 1172; x_wconf 86' lang='lat' dir='ltr'>inmoderata,</span> <span class='ocrx_word' id='word_1_166' title='bbox 928 1126 1182 1171; x_wconf 86' lang='lat' dir='ltr'>incredibilia,</span> <span class='ocrx_word' id='word_1_167' title='bbox 1207 1127 1322 1164; x_wconf 89' lang='lat' dir='ltr'>nimis</span> <span class='ocrx_word' id='word_1_168' title='bbox 1342 1126 1415 1164; x_wconf 89' lang='lat' dir='ltr'>alta</span> <span class='ocrx_word' id='word_1_169' title='bbox 1436 1138 1537 1164; x_wconf 86' lang='lat' dir='ltr'>sem·</span> <span class='ocrx_word' id='word_1_170' title='bbox 1562 1132 1580 1163; x_wconf 88' lang='lat'>5</span> 
     </span>
     <span class='ocr_line' id='line_1_20' title="bbox 126 1181 1581 1232; baseline -0.001 -13"><span class='ocrx_word' id='word_1_171' title='bbox 126 1193 199 1232; x_wconf 89' lang='lat' dir='ltr'>per</span> <span class='ocrx_word' id='word_1_172' title='bbox 214 1181 405 1231; x_wconf 87' lang='lat' dir='ltr'>cupiebat.</span> <span class='ocrx_word' id='word_1_173' title='bbox 462 1181 570 1219; x_wconf 89' lang='lat' dir='ltr'>hunc</span> <span class='ocrx_word' id='word_1_174' title='bbox 584 1188 673 1232; x_wconf 90' lang='lat' dir='ltr'>post</span> <span class='ocrx_word' id='word_1_175' title='bbox 689 1182 992 1221; x_wconf 83' lang='lat' dir='ltr'>dominationem</span> <span class='ocrx_word' id='word_1_176' title='bbox 1008 1182 1052 1224; x_wconf 75' lang='lat' dir='ltr'>L,</span> <span class='ocrx_word' id='word_1_177' title='bbox 1070 1181 1200 1221; x_wconf 89' lang='lat' dir='ltr'>Sullae</span> <span class='ocrx_word' id='word_1_178' title='bbox 1212 1182 1344 1221; x_wconf 84' lang='lat' dir='ltr'>lubido</span> <span class='ocrx_word' id='word_1_179' title='bbox 1362 1194 1539 1221; x_wconf 78' lang='lat' dir='ltr'>maxuma</span> <span class='ocrx_word' id='word_1_180' title='bbox 1561 1187 1581 1218; x_wconf 85' lang='lat'>6</span> 
     </span>
     <span class='ocr_line' id='line_1_21' title="bbox 128 1237 1540 1289; baseline 0.001 -14"><span class='ocrx_word' id='word_1_181' title='bbox 128 1238 318 1276; x_wconf 83' lang='lat' dir='ltr'>invaserat</span> <span class='ocrx_word' id='word_1_182' title='bbox 333 1238 388 1276; x_wconf 92' lang='lat' dir='ltr'>rei</span> <span class='ocrx_word' id='word_1_183' title='bbox 403 1237 581 1288; x_wconf 85' lang='lat' dir='ltr'>publicae</span> <span class='ocrx_word' id='word_1_184' title='bbox 598 1237 826 1288; x_wconf 87' lang='lat' dir='ltr'>capiundae,</span> <span class='ocrx_word' id='word_1_185' title='bbox 842 1250 969 1288; x_wconf 89' lang='lat' dir='ltr'>neque</span> <span class='ocrx_word' id='word_1_186' title='bbox 990 1238 1028 1276; x_wconf 91' lang='lat' dir='ltr'>id</span> <span class='ocrx_word' id='word_1_187' title='bbox 1043 1238 1185 1289; x_wconf 87' lang='lat' dir='ltr'>quibus</span> <span class='ocrx_word' id='word_1_188' title='bbox 1200 1239 1326 1277; x_wconf 83' lang='lat' dir='ltr'>modis</span> <span class='ocrx_word' id='word_1_189' title='bbox 1350 1238 1540 1289; x_wconf 88' lang='lat' dir='ltr'>adseque-</span> 
     </span>
     <span class='ocr_line' id='line_1_22' title="bbox 128 1293 1580 1345; baseline -0.001 -13"><span class='ocrx_word' id='word_1_190' title='bbox 128 1302 248 1340; x_wconf 89' lang='lat' dir='ltr'>retur,</span> <span class='ocrx_word' id='word_1_191' title='bbox 270 1293 360 1332; x_wconf 88' lang='lat' dir='ltr'>dum</span> <span class='ocrx_word' id='word_1_192' title='bbox 383 1293 455 1332; x_wconf 87' lang='lat' dir='ltr'>sihi</span> <span class='ocrx_word' id='word_1_193' title='bbox 476 1305 640 1344; x_wconf 81' lang='lat' dir='ltr'>regnum</span> <span class='ocrx_word' id='word_1_194' title='bbox 661 1300 835 1344; x_wconf 88' lang='lat' dir='ltr'>pararet,</span> <span class='ocrx_word' id='word_1_195' title='bbox 856 1295 1065 1344; x_wconf 87' lang='lat' dir='ltr'>quicquam</span> <span class='ocrx_word' id='word_1_196' title='bbox 1085 1295 1198 1345; x_wconf 82' lang='lat' dir='ltr'>pensi</span> <span class='ocrx_word' id='word_1_197' title='bbox 1222 1295 1399 1333; x_wconf 86' lang='lat' dir='ltr'>habebat.</span> <span class='ocrx_word' id='word_1_198' title='bbox 1459 1294 1541 1345; x_wconf 83' lang='lat' dir='ltr'>agi·</span> <span class='ocrx_word' id='word_1_199' title='bbox 1564 1302 1580 1330; x_wconf 72' lang='grc' dir='ltr'><em>ἰ</em></span> 
     </span>
     <span class='ocr_line' id='line_1_23' title="bbox 126 1349 1542 1400; baseline 0.001 -12"><span class='ocrx_word' id='word_1_200' title='bbox 126 1349 279 1388; x_wconf 83' lang='lat' dir='ltr'>tabatur</span> <span class='ocrx_word' id='word_1_201' title='bbox 298 1349 419 1399; x_wconf 84' lang='lat' dir='ltr'>magis</span> <span class='ocrx_word' id='word_1_202' title='bbox 440 1350 640 1400; x_wconf 85' lang='lat' dir='ltr'>magisque</span> <span class='ocrx_word' id='word_1_203' title='bbox 661 1351 701 1388; x_wconf 87' lang='lat' dir='ltr'>in</span> <span class='ocrx_word' id='word_1_204' title='bbox 724 1351 805 1390; x_wconf 88' lang='lat' dir='ltr'>dies</span> <span class='ocrx_word' id='word_1_205' title='bbox 826 1351 978 1389; x_wconf 89' lang='lat' dir='ltr'>animus</span> <span class='ocrx_word' id='word_1_206' title='bbox 998 1351 1107 1389; x_wconf 76' lang='lat' dir='ltr'>ferox</span> <span class='ocrx_word' id='word_1_207' title='bbox 1125 1350 1256 1400; x_wconf 87' lang='lat' dir='ltr'>inopia</span> <span class='ocrx_word' id='word_1_208' title='bbox 1272 1351 1328 1389; x_wconf 88' lang='lat' dir='ltr'>rei</span> <span class='ocrx_word' id='word_1_209' title='bbox 1344 1350 1542 1389; x_wconf 86' lang='lat' dir='ltr'>familiaris</span> 
     </span>
     <span class='ocr_line' id='line_1_24' title="bbox 129 1405 1541 1457; baseline 0 -13"><span class='ocrx_word' id='word_1_210' title='bbox 129 1411 166 1444; x_wconf 86' lang='lat' dir='ltr'>et</span> <span class='ocrx_word' id='word_1_211' title='bbox 194 1405 432 1444; x_wconf 87' lang='lat' dir='ltr'>conscientia</span> <span class='ocrx_word' id='word_1_212' title='bbox 454 1406 667 1453; x_wconf 87' lang='lat' dir='ltr'>scelerum,</span> <span class='ocrx_word' id='word_1_213' title='bbox 689 1418 787 1457; x_wconf 88' lang='lat' dir='ltr'>quae</span> <span class='ocrx_word' id='word_1_214' title='bbox 809 1413 973 1457; x_wconf 87' lang='lat' dir='ltr'>utraque</span> <span class='ocrx_word' id='word_1_215' title='bbox 995 1406 1049 1445; x_wconf 88' lang='lat' dir='ltr'>eis</span> <span class='ocrx_word' id='word_1_216' title='bbox 1071 1406 1219 1445; x_wconf 83' lang='lat' dir='ltr'>artibus</span> <span class='ocrx_word' id='word_1_217' title='bbox 1243 1413 1422 1453; x_wconf 81' lang='lat' dir='ltr'>auxerat,</span> <span class='ocrx_word' id='word_1_218' title='bbox 1444 1418 1541 1457; x_wconf 88' lang='lat' dir='ltr'>quas</span> 
     </span>
     <span class='ocr_line' id='line_1_25' title="bbox 127 1461 1583 1513; baseline 0.001 -13"><span class='ocrx_word' id='word_1_219' title='bbox 127 1474 246 1513; x_wconf 87' lang='lat' dir='ltr'>supra</span> <span class='ocrx_word' id='word_1_220' title='bbox 273 1462 494 1500; x_wconf 78' lang='lat' dir='ltr'>memoravi.</span> <span class='ocrx_word' id='word_1_221' title='bbox 554 1461 763 1501; x_wconf 86' lang='lat' dir='ltr'>incitabant</span> <span class='ocrx_word' id='word_1_222' title='bbox 785 1468 982 1512; x_wconf 84' lang='lat' dir='ltr'>praeterea</span> <span class='ocrx_word' id='word_1_223' title='bbox 1004 1463 1187 1512; x_wconf 89' lang='lat' dir='ltr'>conrupti</span> <span class='ocrx_word' id='word_1_224' title='bbox 1208 1463 1369 1501; x_wconf 76' lang='lat' dir='ltr'>civitatis</span> <span class='ocrx_word' id='word_1_225' title='bbox 1396 1475 1539 1510; x_wconf 90' lang='lat' dir='ltr'>mores,</span> <span class='ocrx_word' id='word_1_226' title='bbox 1564 1469 1583 1501; x_wconf 85' lang='lat' dir='ltr'>S</span> 
     </span>
     <span class='ocr_line' id='line_1_26' title="bbox 128 1517 1539 1569; baseline 0.001 -13"><span class='ocrx_word' id='word_1_227' title='bbox 128 1530 226 1569; x_wconf 88' lang='lat' dir='ltr'>quos</span> <span class='ocrx_word' id='word_1_228' title='bbox 255 1530 436 1569; x_wconf 85' lang='lat' dir='ltr'>pessuma</span> <span class='ocrx_word' id='word_1_229' title='bbox 465 1529 508 1556; x_wconf 89' lang='lat' dir='ltr'>ac</span> <span class='ocrx_word' id='word_1_230' title='bbox 536 1518 686 1556; x_wconf 84' lang='lat' dir='ltr'>divorsa</span> <span class='ocrx_word' id='word_1_231' title='bbox 719 1518 821 1556; x_wconf 87' lang='lat' dir='ltr'>inter</span> <span class='ocrx_word' id='word_1_232' title='bbox 850 1530 890 1556; x_wconf 88' lang='lat' dir='ltr'>se</span> <span class='ocrx_word' id='word_1_233' title='bbox 921 1518 1040 1564; x_wconf 89' lang='lat' dir='ltr'>mala,</span> <span class='ocrx_word' id='word_1_234' title='bbox 1062 1517 1215 1556; x_wconf 81' lang='lat' dir='ltr'>luxuria</span> <span class='ocrx_word' id='word_1_235' title='bbox 1235 1524 1352 1569; x_wconf 86' lang='lat' dir='ltr'>atque</span> <span class='ocrx_word' id='word_1_236' title='bbox 1372 1519 1539 1565; x_wconf 84' lang='lat' dir='ltr'>avaritia,</span> 
     </span>
     <span class='ocr_line' id='line_1_27' title="bbox 126 1573 1584 1625; baseline 0 -12"><span class='ocrx_word' id='word_1_237' title='bbox 126 1573 325 1613; x_wconf 75' lang='lat' dir='ltr'>vexabant.</span> <span class='ocrx_word' id='word_1_238' title='bbox 384 1586 446 1612; x_wconf 89' lang='lat' dir='ltr'>res</span> <span class='ocrx_word' id='word_1_239' title='bbox 467 1574 550 1624; x_wconf 89' lang='lat' dir='ltr'>ipsa</span> <span class='ocrx_word' id='word_1_240' title='bbox 571 1574 718 1612; x_wconf 88' lang='lat' dir='ltr'>hortari</span> <span class='ocrx_word' id='word_1_241' title='bbox 739 1574 904 1621; x_wconf 78' lang='lat' dir='ltr'>videtur,</span> <span class='ocrx_word' id='word_1_242' title='bbox 927 1574 1109 1625; x_wconf 89' lang='lat' dir='ltr'>quoniam</span> <span class='ocrx_word' id='word_1_243' title='bbox 1128 1575 1174 1613; x_wconf 92' lang='lat' dir='ltr'>de</span> <span class='ocrx_word' id='word_1_244' title='bbox 1189 1574 1364 1613; x_wconf 90' lang='lat' dir='ltr'>moribus</span> <span class='ocrx_word' id='word_1_245' title='bbox 1381 1574 1542 1613; x_wconf 78' lang='lat' dir='ltr'>civitatis</span> <span class='ocrx_word' id='word_1_246' title='bbox 1565 1580 1584 1612; x_wconf 86' lang='lat'>9</span> 
     </span>
     <span class='ocr_line' id='line_1_28' title="bbox 127 1630 1542 1682; baseline 0.001 -13"><span class='ocrx_word' id='word_1_247' title='bbox 127 1636 280 1682; x_wconf 89' lang='lat' dir='ltr'>tempus</span> <span class='ocrx_word' id='word_1_248' title='bbox 309 1630 528 1678; x_wconf 87' lang='lat' dir='ltr'>admonuit,</span> <span class='ocrx_word' id='word_1_249' title='bbox 559 1642 677 1681; x_wconf 88' lang='lat' dir='ltr'>supra</span> <span class='ocrx_word' id='word_1_250' title='bbox 704 1636 881 1681; x_wconf 86' lang='lat' dir='ltr'>repetere</span> <span class='ocrx_word' id='word_1_251' title='bbox 910 1643 954 1669; x_wconf 86' lang='lat' dir='ltr'>ac</span> <span class='ocrx_word' id='word_1_252' title='bbox 983 1631 1117 1682; x_wconf 82' lang='lat' dir='ltr'>paucis</span> <span class='ocrx_word' id='word_1_253' title='bbox 1147 1630 1322 1670; x_wconf 83' lang='lat' dir='ltr'>instituta</span> <span class='ocrx_word' id='word_1_254' title='bbox 1351 1631 1542 1670; x_wconf 90' lang='lat' dir='ltr'>maiorum</span> 
     </span>
     <span class='ocr_line' id='line_1_29' title="bbox 128 1686 1543 1738; baseline 0.001 -13"><span class='ocrx_word' id='word_1_255' title='bbox 128 1687 232 1726; x_wconf 90' lang='lat' dir='ltr'>domi</span> <span class='ocrx_word' id='word_1_256' title='bbox 260 1686 517 1737; x_wconf 81' lang='lat' dir='ltr'>militiaeque,</span> <span class='ocrx_word' id='word_1_257' title='bbox 549 1699 626 1737; x_wconf 91' lang='lat' dir='ltr'>quo</span> <span class='ocrx_word' id='word_1_258' title='bbox 648 1687 764 1725; x_wconf 90' lang='lat' dir='ltr'>modo</span> <span class='ocrx_word' id='word_1_259' title='bbox 786 1699 866 1726; x_wconf 87' lang='lat' dir='ltr'>rem</span> <span class='ocrx_word' id='word_1_260' title='bbox 890 1686 1083 1737; x_wconf 86' lang='lat' dir='ltr'>publicam</span> <span class='ocrx_word' id='word_1_261' title='bbox 1112 1687 1318 1726; x_wconf 88' lang='lat' dir='ltr'>habuerint</span> <span class='ocrx_word' id='word_1_262' title='bbox 1338 1694 1543 1738; x_wconf 86' lang='lat' dir='ltr'>quantam-</span> 
     </span>
     <span class='ocr_line' id='line_1_30' title="bbox 128 1742 1543 1795; baseline 0.001 -13"><span class='ocrx_word' id='word_1_263' title='bbox 128 1755 204 1794; x_wconf 88' lang='lat' dir='ltr'>que</span> <span class='ocrx_word' id='word_1_264' title='bbox 225 1743 477 1794; x_wconf 86' lang='lat' dir='ltr'>reliquerint,</span> <span class='ocrx_word' id='word_1_265' title='bbox 500 1750 543 1781; x_wconf 87' lang='lat' dir='ltr'>ut</span> <span class='ocrx_word' id='word_1_266' title='bbox 562 1742 746 1793; x_wconf 83' lang='lat' dir='ltr'>paulatim</span> <span class='ocrx_word' id='word_1_267' title='bbox 767 1743 955 1781; x_wconf 85' lang='lat' dir='ltr'>inmutata</span> <span class='ocrx_word' id='word_1_268' title='bbox 976 1755 1022 1781; x_wconf 80' lang='lat' dir='ltr'>ex</span> <span class='ocrx_word' id='word_1_269' title='bbox 1051 1743 1312 1794; x_wconf 88' lang='lat' dir='ltr'>pulcherrima</span> <span class='ocrx_word' id='word_1_270' title='bbox 1335 1750 1450 1795; x_wconf 89' lang='lat' dir='ltr'>atque</span> <span class='ocrx_word' id='word_1_271' title='bbox 1472 1756 1543 1795; x_wconf 93' lang='lat' dir='ltr'>op—</span> 
     </span>
     <span class='ocr_line' id='line_1_31' title="bbox 129 1799 1263 1850; baseline -0.001 -11"><span class='ocrx_word' id='word_1_272' title='bbox 129 1806 234 1839; x_wconf 91' lang='lat' dir='ltr'>tuma</span> <span class='ocrx_word' id='word_1_273' title='bbox 256 1811 436 1850; x_wconf 88' lang='lat' dir='ltr'>pessuma</span> <span class='ocrx_word' id='word_1_274' title='bbox 457 1811 500 1838; x_wconf 88' lang='lat' dir='ltr'>ac</span> <span class='ocrx_word' id='word_1_275' title='bbox 521 1799 832 1849; x_wconf 81' lang='lat' dir='ltr'>flagitiosissuma</span> <span class='ocrx_word' id='word_1_276' title='bbox 852 1799 950 1837; x_wconf 84' lang='lat' dir='ltr'>facta</span> <span class='ocrx_word' id='word_1_277' title='bbox 971 1799 1039 1845; x_wconf 90' lang='lat' dir='ltr'>sit,</span> <span class='ocrx_word' id='word_1_278' title='bbox 1062 1799 1263 1838; x_wconf 89' lang='lat' dir='ltr'>disserere.</span> 
     </span>
    </p>

    <p class='ocr_par' dir='ltr' id='par_1_4' title="bbox 127 1854 1591 2131">
     <span class='ocr_line' id='line_1_32' title="bbox 241 1854 1591 1907; baseline -0.001 -13"><span class='ocrx_word' id='word_1_279' title='bbox 241 1854 383 1894; x_wconf 90' lang='lat' dir='ltr'>Urbem</span> <span class='ocrx_word' id='word_1_280' title='bbox 403 1854 579 1903; x_wconf 83' lang='lat' dir='ltr'>Romam,</span> <span class='ocrx_word' id='word_1_281' title='bbox 600 1855 715 1893; x_wconf 86' lang='lat' dir='ltr'>sicuti</span> <span class='ocrx_word' id='word_1_282' title='bbox 737 1867 807 1907; x_wconf 85' lang='lat' dir='ltr'>ego</span> <span class='ocrx_word' id='word_1_283' title='bbox 829 1854 975 1906; x_wconf 86' lang='lat' dir='ltr'>accepi,</span> <span class='ocrx_word' id='word_1_284' title='bbox 1006 1854 1216 1894; x_wconf 88' lang='lat' dir='ltr'>condidere</span> <span class='ocrx_word' id='word_1_285' title='bbox 1238 1862 1352 1906; x_wconf 87' lang='lat' dir='ltr'>atque</span> <span class='ocrx_word' id='word_1_286' title='bbox 1372 1855 1544 1894; x_wconf 88' lang='lat' dir='ltr'>habuere</span> <span class='ocrx_word' id='word_1_287' title='bbox 1567 1857 1591 1892; x_wconf 84' lang='grc'>6</span> 
     </span>
     <span class='ocr_line' id='line_1_33' title="bbox 127 1910 1543 1962; baseline 0 -12"><span class='ocrx_word' id='word_1_288' title='bbox 127 1911 238 1950; x_wconf 90' lang='lat' dir='ltr'>initio</span> <span class='ocrx_word' id='word_1_289' title='bbox 254 1910 426 1956; x_wconf 89' lang='lat' dir='ltr'>Troiani,</span> <span class='ocrx_word' id='word_1_290' title='bbox 443 1911 649 1961; x_wconf 82' lang='lat' dir='ltr'>quiAenea</span> <span class='ocrx_word' id='word_1_291' title='bbox 665 1911 763 1950; x_wconf 88' lang='lat' dir='ltr'>duce</span> <span class='ocrx_word' id='word_1_292' title='bbox 777 1911 938 1962; x_wconf 73' lang='lat' dir='ltr'>profugi·</span> <span class='ocrx_word' id='word_1_293' title='bbox 949 1910 1107 1949; x_wconf 85' lang='lat' dir='ltr'>sedibus</span> <span class='ocrx_word' id='word_1_294' title='bbox 1119 1912 1279 1950; x_wconf 87' lang='lat' dir='ltr'>incertis</span> <span class='ocrx_word' id='word_1_295' title='bbox 1294 1911 1543 1962; x_wconf 83' lang='lat' dir='ltr'>vagabantur,</span> 
     </span>
     <span class='ocr_line' id='line_1_34' title="bbox 128 1965 1545 2019; baseline 0 -13"><span class='ocrx_word' id='word_1_296' title='bbox 128 1979 297 2017; x_wconf 89' lang='lat' dir='ltr'>cumque</span> <span class='ocrx_word' id='word_1_297' title='bbox 314 1967 369 2005; x_wconf 87' lang='lat' dir='ltr'>eis</span> <span class='ocrx_word' id='word_1_298' title='bbox 379 1965 622 2016; x_wconf 81' lang='lat' dir='ltr'>Aborigines,</span> <span class='ocrx_word' id='word_1_299' title='bbox 640 1978 764 2016; x_wconf 81' lang='lat' dir='ltr'>genus</span> <span class='ocrx_word' id='word_1_300' title='bbox 778 1968 980 2006; x_wconf 90' lang='lat' dir='ltr'>hominum</span> <span class='ocrx_word' id='word_1_301' title='bbox 997 1974 1160 2017; x_wconf 84' lang='lat' dir='ltr'>agreste,</span> <span class='ocrx_word' id='word_1_302' title='bbox 1177 1968 1260 2007; x_wconf 90' lang='lat' dir='ltr'>sine</span> <span class='ocrx_word' id='word_1_303' title='bbox 1274 1968 1439 2019; x_wconf 84' lang='lat' dir='ltr'>legibus,</span> <span class='ocrx_word' id='word_1_304' title='bbox 1459 1968 1545 2006; x_wconf 88' lang='lat' dir='ltr'>sine</span> 
     </span>
     <span class='ocr_line' id='line_1_35' title="bbox 127 2022 1587 2075; baseline 0.001 -13"><span class='ocrx_word' id='word_1_305' title='bbox 127 2023 307 2074; x_wconf 87' lang='lat' dir='ltr'>imperio,</span> <span class='ocrx_word' id='word_1_306' title='bbox 323 2022 488 2061; x_wconf 87' lang='lat' dir='ltr'>liberum</span> <span class='ocrx_word' id='word_1_307' title='bbox 506 2028 620 2073; x_wconf 87' lang='lat' dir='ltr'>atque</span> <span class='ocrx_word' id='word_1_308' title='bbox 637 2023 819 2063; x_wconf 89' lang='lat' dir='ltr'>solutum.</span> <span class='ocrx_word' id='word_1_309' title='bbox 841 2024 880 2062; x_wconf 90' lang='lat' dir='ltr'>hi</span> <span class='ocrx_word' id='word_1_310' title='bbox 899 2029 1106 2075; x_wconf 88' lang='lat' dir='ltr'>postquam</span> <span class='ocrx_word' id='word_1_311' title='bbox 1122 2024 1162 2062; x_wconf 91' lang='lat' dir='ltr'>in</span> <span class='ocrx_word' id='word_1_312' title='bbox 1181 2037 1258 2063; x_wconf 88' lang='lat' dir='ltr'>una</span> <span class='ocrx_word' id='word_1_313' title='bbox 1278 2024 1431 2063; x_wconf 89' lang='lat' dir='ltr'>moenia</span> <span class='ocrx_word' id='word_1_314' title='bbox 1448 2036 1543 2062; x_wconf 87' lang='lat' dir='ltr'>con-</span> <span class='ocrx_word' id='word_1_315' title='bbox 1567 2030 1587 2062; x_wconf 86' lang='lat'>2</span> 
     </span>
     <span class='ocr_line' id='line_1_36' title="bbox 129 2078 1545 2131; baseline 0.001 -14"><span class='ocrx_word' id='word_1_316' title='bbox 129 2091 284 2125; x_wconf 84' lang='lat' dir='ltr'>venere,</span> <span class='ocrx_word' id='word_1_317' title='bbox 306 2078 449 2129; x_wconf 89' lang='lat' dir='ltr'>dispari</span> <span class='ocrx_word' id='word_1_318' title='bbox 471 2090 613 2129; x_wconf 84' lang='lat' dir='ltr'>genere</span> <span class='ocrx_word' id='word_1_319' title='bbox 635 2079 809 2119; x_wconf 87' lang='lat' dir='ltr'>dissimili</span> <span class='ocrx_word' id='word_1_320' title='bbox 826 2080 972 2131; x_wconf 85' lang='lat' dir='ltr'>lingua,</span> <span class='ocrx_word' id='word_1_321' title='bbox 987 2080 1050 2119; x_wconf 88' lang='lat' dir='ltr'>alii</span> <span class='ocrx_word' id='word_1_322' title='bbox 1066 2080 1139 2119; x_wconf 87' lang='lat' dir='ltr'>alio</span> <span class='ocrx_word' id='word_1_323' title='bbox 1155 2093 1265 2119; x_wconf 90' lang='lat' dir='ltr'>more</span> <span class='ocrx_word' id='word_1_324' title='bbox 1282 2081 1467 2128; x_wconf 78' lang='lat' dir='ltr'>viventeS,</span> <span class='ocrx_word' id='word_1_325' title='bbox 1483 2081 1545 2119; x_wconf 88' lang='lat' dir='ltr'>in-</span> 
     </span>
    </p>
   </div>
   <div class='ocr_carea' id='block_1_3' title="bbox 126 2177 1549 2499">
    <p class='ocr_par' dir='ltr' id='par_1_5' title="bbox 126 2177 1549 2492">
     <span class='ocr_line' id='line_1_37' title="bbox 219 2177 1548 2222; baseline -0.001 -10"><span class='ocrx_word' id='word_1_326' title='bbox 219 2181 239 2212; x_wconf 83' lang='lat'>4</span> <span class='ocrx_word' id='word_1_327' title='bbox 264 2179 451 2221; x_wconf 87' lang='lat' dir='ltr'>carptim]</span> <span class='ocrx_word' id='word_1_328' title='bbox 437 2177 577 2210; x_wconf 74' lang='lat' dir='ltr'>strictim</span> <span class='ocrx_word' id='word_1_329' title='bbox 593 2177 778 2221; x_wconf 81' lang='lat' dir='ltr'>Noniusp</span> <span class='ocrx_word' id='word_1_330' title='bbox 792 2178 859 2212; x_wconf 85' lang='grc'><em>512·</em></span> <span class='ocrx_word' id='word_1_331' title='bbox 877 2177 920 2222; x_wconf 82' lang='grc' dir='ltr'>Η</span> <span class='ocrx_word' id='word_1_332' title='bbox 906 2190 923 2211; x_wconf 79' lang='lat' dir='ltr'>a</span> <span class='ocrx_word' id='word_1_333' title='bbox 943 2189 982 2211; x_wconf 92' lang='lat' dir='ltr'>eo</span> <span class='ocrx_word' id='word_1_334' title='bbox 1000 2179 1106 2221; x_wconf 85' lang='lat' dir='ltr'>magis</span> <span class='ocrx_word' id='word_1_335' title='bbox 1124 2190 1189 2212; x_wconf 89' lang='lat' dir='ltr'>om.</span> <span class='ocrx_word' id='word_1_336' title='bbox 1203 2181 1239 2220; x_wconf 88' lang='grc' dir='ltr'>Ρ,</span> <span class='ocrx_word' id='word_1_337' title='bbox 1265 2179 1343 2212; x_wconf 81' lang='lat' dir='ltr'>add.</span> <span class='ocrx_word' id='word_1_338' title='bbox 1355 2179 1408 2222; x_wconf 64' lang='grc' dir='ltr'>ΡΙΙΔ</span> <span class='ocrx_word' id='word_1_339' title='bbox 1428 2181 1447 2213; x_wconf 89' lang='grc'><strong>6</strong></span> <span class='ocrx_word' id='word_1_340' title='bbox 1465 2179 1548 2212; x_wconf 81' lang='lat' dir='ltr'>cati-</span> 
     </span>
     <span class='ocr_line' id='line_1_38' title="bbox 129 2223 1546 2283; baseline 0 -27"><span class='ocrx_word' id='word_1_341' title='bbox 129 2223 217 2258; x_wconf 86' lang='lat' dir='ltr'>linae</span> <span class='ocrx_word' id='word_1_342' title='bbox 242 2227 276 2256; x_wconf 84' lang='lat' dir='ltr'>et</span> <span class='ocrx_word' id='word_1_343' title='bbox 298 2223 461 2256; x_wconf 87' lang='lat' dir='ltr'>catilenae</span> <span class='ocrx_word' id='word_1_344' title='bbox 485 2225 684 2265; x_wconf 72' lang='lat' dir='ltr'>scripturae</span> <span class='ocrx_word' id='word_1_345' title='bbox 699 2226 736 2255; x_wconf 85' lang='lat' dir='ltr'>in</span> <span class='ocrx_word' id='word_1_346' title='bbox 753 2224 784 2256; x_wconf 90' lang='grc' dir='ltr'>Ρ</span> <span class='ocrx_word' id='word_1_347' title='bbox 793 2234 1016 2266; x_wconf 78' lang='lat' dir='ltr'>promiscuae</span> <span class='ocrx_word' id='word_1_348' title='bbox 1031 2224 1042 2267; x_wconf 77' lang='grc' dir='ltr'>Η</span> <span class='ocrx_word' id='word_1_349' title='bbox 1068 2226 1104 2257; x_wconf 77' lang='lat'>12</span> <span class='ocrx_word' id='word_1_350' title='bbox 1124 2234 1302 2283; x_wconf 83' lang='lat' dir='ltr'>prauoque</span> <span class='ocrx_word' id='word_1_351' title='bbox 1320 2235 1386 2257; x_wconf 88' lang='lat' dir='ltr'>om.</span> <span class='ocrx_word' id='word_1_352' title='bbox 1402 2226 1440 2265; x_wconf 98' lang='lat' dir='ltr'>P,</span> <span class='ocrx_word' id='word_1_353' title='bbox 1465 2225 1546 2256; x_wconf 86' lang='lat' dir='ltr'>add.</span> 
     </span>
     <span class='ocr_line' id='line_1_39' title="bbox 126 2268 1545 2312; baseline -0.001 -10"><span class='ocrx_word' id='word_1_354' title='bbox 126 2279 149 2311; x_wconf 85' lang='lat' dir='ltr'>p</span> <span class='ocrx_word' id='word_1_355' title='bbox 166 2270 179 2311; x_wconf 77' lang='lat' dir='ltr'>n</span> <span class='ocrx_word' id='word_1_356' title='bbox 200 2271 239 2302; x_wconf 86' lang='lat'>15</span> <span class='ocrx_word' id='word_1_357' title='bbox 258 2268 421 2302; x_wconf 82' lang='lat' dir='ltr'>subdolus</span> <span class='ocrx_word' id='word_1_358' title='bbox 437 2268 550 2301; x_wconf 89' lang='lat' dir='ltr'>uarius</span> <span class='ocrx_word' id='word_1_359' title='bbox 568 2269 618 2300; x_wconf 79' lang='lat' dir='ltr'>bis</span> <span class='ocrx_word' id='word_1_360' title='bbox 632 2271 765 2310; x_wconf 79' lang='lat' dir='ltr'>scripta</span> <span class='ocrx_word' id='word_1_361' title='bbox 783 2271 820 2300; x_wconf 78' lang='lat' dir='ltr'>in</span> <span class='ocrx_word' id='word_1_362' title='bbox 833 2270 868 2310; x_wconf 88' lang='grc' dir='ltr'>Ρ,</span> <span class='ocrx_word' id='word_1_363' title='bbox 885 2269 991 2300; x_wconf 77' lang='lat' dir='ltr'>semel</span> <span class='ocrx_word' id='word_1_364' title='bbox 1001 2269 1065 2302; x_wconf 80' lang='lat' dir='ltr'>del.</span> <span class='ocrx_word' id='word_1_365' title='bbox 1077 2280 1100 2311; x_wconf 81' lang='lat' dir='ltr'>p</span> <span class='ocrx_word' id='word_1_366' title='bbox 1116 2269 1129 2312; x_wconf 61' lang='grc' dir='ltr'>ᾗ,</span> <span class='ocrx_word' id='word_1_367' title='bbox 1152 2271 1192 2303; x_wconf 81' lang='grc'>16</span> <span class='ocrx_word' id='word_1_368' title='bbox 1209 2270 1304 2302; x_wconf 80' lang='lat' dir='ltr'>cuius</span> <span class='ocrx_word' id='word_1_369' title='bbox 1320 2270 1367 2302; x_wconf 89' lang='lat' dir='ltr'>rei</span> <span class='ocrx_word' id='word_1_370' title='bbox 1384 2269 1469 2302; x_wconf 86' lang='lat' dir='ltr'>libet</span> <span class='ocrx_word' id='word_1_371' title='bbox 1481 2269 1545 2310; x_wconf 84' lang='grc' dir='ltr'>ΡΟ,</span> 
     </span>
     <span class='ocr_line' id='line_1_40' title="bbox 128 2312 1545 2357; baseline 0 -11"><span class='ocrx_word' id='word_1_372' title='bbox 128 2312 268 2346; x_wconf 69' lang='lat' dir='ltr'>Aonius</span> <span class='ocrx_word' id='word_1_373' title='bbox 285 2324 321 2356; x_wconf 84' lang='lat' dir='ltr'>p.</span> <span class='ocrx_word' id='word_1_374' title='bbox 337 2313 414 2355; x_wconf 75' lang='lat'>439,</span> <span class='ocrx_word' id='word_1_375' title='bbox 440 2313 535 2346; x_wconf 86' lang='lat' dir='ltr'>cuius</span> <span class='ocrx_word' id='word_1_376' title='bbox 557 2312 642 2346; x_wconf 88' lang='lat' dir='ltr'>libet</span> <span class='ocrx_word' id='word_1_377' title='bbox 664 2314 712 2346; x_wconf 84' lang='lat' dir='ltr'>rei</span> <span class='ocrx_word' id='word_1_378' title='bbox 739 2313 766 2346; x_wconf 89' lang='lat' dir='ltr'><em>C</em></span> <span class='ocrx_word' id='word_1_379' title='bbox 780 2313 793 2357; x_wconf 70' lang='grc' dir='ltr'>Π</span> <span class='ocrx_word' id='word_1_380' title='bbox 812 2316 849 2347; x_wconf 75' lang='grc'>17</span> <span class='ocrx_word' id='word_1_381' title='bbox 865 2314 1080 2356; x_wconf 86' lang='lat' dir='ltr'>eloquentiae</span> <span class='ocrx_word' id='word_1_382' title='bbox 1093 2314 1157 2356; x_wconf 89' lang='lat' dir='ltr'>PC,</span> <span class='ocrx_word' id='word_1_383' title='bbox 1185 2315 1292 2347; x_wconf 71' lang='lat' dir='ltr'>Prisc</span> <span class='ocrx_word' id='word_1_384' title='bbox 1306 2315 1372 2347; x_wconf 82' lang='lat' dir='ltr'>vol.</span> <span class='ocrx_word' id='word_1_385' title='bbox 1387 2314 1466 2356; x_wconf 87' lang='lat' dir='ltr'>Ilp</span> <span class='ocrx_word' id='word_1_386' title='bbox 1471 2314 1545 2352; x_wconf 84' lang='lat'>.85,</span> 
     </span>
     <span class='ocr_line' id='line_1_41' title="bbox 127 2325 1547 2402; baseline -0.001 -10"><span class='ocrx_word' id='word_1_387' title='bbox 127 2359 265 2392; x_wconf 76' lang='lat' dir='ltr'>Fronto</span> <span class='ocrx_word' id='word_1_388' title='bbox 291 2359 339 2391; x_wconf 84' lang='lat' dir='ltr'>ad</span> <span class='ocrx_word' id='word_1_389' title='bbox 359 2359 441 2391; x_wconf 76' lang='lat' dir='ltr'>Ant</span> <span class='ocrx_word' id='word_1_390' title='bbox 466 2358 498 2399; x_wconf 98' lang='grc'>2,</span> <span class='ocrx_word' id='word_1_391' title='bbox 511 2358 578 2400; x_wconf 69' lang='grc' dir='ltr'>ὄρ</span> <span class='ocrx_word' id='word_1_392' title='bbox 581 2358 683 2400; x_wconf 87' lang='lat'>.107,</span> <span class='ocrx_word' id='word_1_393' title='bbox 707 2358 901 2401; x_wconf 90' lang='lat' dir='ltr'>loquentiae</span> <span class='ocrx_word' id='word_1_394' title='bbox 925 2370 956 2400; x_wconf 71' lang='lat' dir='ltr'>z,</span> <span class='ocrx_word' id='word_1_395' title='bbox 981 2360 1114 2391; x_wconf 72' lang='lat' dir='ltr'>Probus</span> <span class='ocrx_word' id='word_1_396' title='bbox 1137 2359 1234 2402; x_wconf 83' lang='lat' dir='ltr'>apud</span> <span class='ocrx_word' id='word_1_397' title='bbox 1260 2325 1547 2400; x_wconf 72' lang='lat' dir='ltr'>Gell.1,15p18</span> 
     </span>
     <span class='ocr_line' id='line_1_42' title="bbox 129 2402 1547 2458; baseline 0 -23"><span class='ocrx_word' id='word_1_398' title='bbox 129 2405 168 2436; x_wconf 85' lang='grc'>21</span> <span class='ocrx_word' id='word_1_399' title='bbox 196 2406 329 2446; x_wconf 88' lang='lat' dir='ltr'>pararet</span> <span class='ocrx_word' id='word_1_400' title='bbox 347 2414 386 2446; x_wconf 84' lang='lat' dir='ltr'>p,</span> <span class='ocrx_word' id='word_1_401' title='bbox 408 2406 540 2446; x_wconf 84' lang='lat' dir='ltr'>pararat</span> <span class='ocrx_word' id='word_1_402' title='bbox 558 2402 612 2447; x_wconf 70' lang='lat' dir='ltr'>Pl}</span> <span class='ocrx_word' id='word_1_403' title='bbox 631 2405 672 2436; x_wconf 92' lang='grc'><em>29</em></span> <span class='ocrx_word' id='word_1_404' title='bbox 689 2406 728 2437; x_wconf 82' lang='lat' dir='ltr'>ut</span> <span class='ocrx_word' id='word_1_405' title='bbox 744 2403 808 2445; x_wconf 87' lang='grc' dir='ltr'>ΡΟ,</span> <span class='ocrx_word' id='word_1_406' title='bbox 832 2409 864 2436; x_wconf 91' lang='lat' dir='ltr'>et</span> <span class='ocrx_word' id='word_1_407' title='bbox 889 2407 927 2436; x_wconf 87' lang='lat' dir='ltr'>ut</span> <span class='ocrx_word' id='word_1_408' title='bbox 946 2402 1000 2446; x_wconf 77' lang='grc'>011</span> <span class='ocrx_word' id='word_1_409' title='bbox 1016 2407 1117 2447; x_wconf 87' lang='lat' dir='ltr'>atque</span> <span class='ocrx_word' id='word_1_410' title='bbox 1141 2408 1279 2458; x_wconf 82' lang='lat' dir='ltr'>optuma</span> <span class='ocrx_word' id='word_1_411' title='bbox 1303 2416 1333 2446; x_wconf 75' lang='lat' dir='ltr'>z,</span> <span class='ocrx_word' id='word_1_412' title='bbox 1357 2405 1547 2447; x_wconf 65' lang='lat' dir='ltr'>lugu-etta</span> 
     </span>
     <span class='ocr_line' id='line_1_43' title="bbox 130 2447 1549 2499; baseline 0 -19"><span class='ocrx_word' id='word_1_413' title='bbox 130 2448 171 2480; x_wconf 83' lang='lat' dir='ltr'>de</span> <span class='ocrx_word' id='word_1_414' title='bbox 196 2450 260 2481; x_wconf 82' lang='lat' dir='ltr'>civ.</span> <span class='ocrx_word' id='word_1_415' title='bbox 286 2448 318 2481; x_wconf 89' lang='lat' dir='ltr'>d.</span> <span class='ocrx_word' id='word_1_416' title='bbox 334 2449 368 2499; x_wconf 84' lang='grc'>2,</span> <span class='ocrx_word' id='word_1_417' title='bbox 388 2449 440 2489; x_wconf 86' lang='grc'><em>18,</em></span> <span class='ocrx_word' id='word_1_418' title='bbox 465 2458 530 2480; x_wconf 87' lang='lat' dir='ltr'>om.</span> <span class='ocrx_word' id='word_1_419' title='bbox 548 2447 689 2492; x_wconf 75' lang='lat' dir='ltr'>Pcuao</span> <span class='ocrx_word' id='word_1_420' title='bbox 715 2459 753 2481; x_wconf 85' lang='lat' dir='ltr'>ac</span> <span class='ocrx_word' id='word_1_421' title='bbox 777 2448 1042 2491; x_wconf 84' lang='lat' dir='ltr'>flagitiosissima</span> <span class='ocrx_word' id='word_1_422' title='bbox 1066 2451 1104 2482; x_wconf 88' lang='lat' dir='ltr'>in</span> <span class='ocrx_word' id='word_1_423' title='bbox 1128 2460 1225 2491; x_wconf 74' lang='lat' dir='ltr'>maz-g</span> <span class='ocrx_word' id='word_1_424' title='bbox 1226 2452 1291 2481; x_wconf 76' lang='lat' dir='ltr'>ine</span> <span class='ocrx_word' id='word_1_425' title='bbox 1311 2459 1336 2491; x_wconf 82' lang='lat' dir='ltr'>p</span> <span class='ocrx_word' id='word_1_426' title='bbox 1364 2451 1549 2488; x_wconf 84' lang='lat' dir='ltr'>(nimirum</span> 
     </span>
    </p>
   </div>
   <div class='ocr_carea' id='block_1_4' title="bbox 131 2492 1549 2582">
    <p class='ocr_par' dir='ltr' id='par_1_6' title="bbox 131 2492 1549 2582">
     <span class='ocr_line' id='line_1_44' title="bbox 131 2492 1549 2537; baseline 0.001 -11"><span class='ocrx_word' id='word_1_427' title='bbox 131 2503 169 2526; x_wconf 81' lang='lat' dir='ltr'>ae</span> <span class='ocrx_word' id='word_1_428' title='bbox 194 2492 238 2526; x_wconf 89' lang='lat' dir='ltr'>fla</span> <span class='ocrx_word' id='word_1_429' title='bbox 263 2496 297 2525; x_wconf 86' lang='lat' dir='ltr'>et</span> <span class='ocrx_word' id='word_1_430' title='bbox 318 2494 402 2526; x_wconf 88' lang='lat' dir='ltr'>sima</span> <span class='ocrx_word' id='word_1_431' title='bbox 424 2496 628 2535; x_wconf 67' lang='lat' dir='ltr'>supersunt,</span> <span class='ocrx_word' id='word_1_432' title='bbox 658 2497 771 2526; x_wconf 78' lang='lat' dir='ltr'>cetera</span> <span class='ocrx_word' id='word_1_433' title='bbox 797 2495 944 2527; x_wconf 73' lang='lat' dir='ltr'>abscisso</span> <span class='ocrx_word' id='word_1_434' title='bbox 970 2496 1132 2536; x_wconf 79' lang='lat' dir='ltr'>margine</span> <span class='ocrx_word' id='word_1_435' title='bbox 1152 2497 1365 2537; x_wconf 67' lang='lat' dir='ltr'>perier-unt),</span> <span class='ocrx_word' id='word_1_436' title='bbox 1398 2504 1464 2527; x_wconf 89' lang='lat' dir='ltr'>om</span> <span class='ocrx_word' id='word_1_437' title='bbox 1489 2495 1519 2527; x_wconf 83' lang='lat' dir='ltr'>P</span> <span class='ocrx_word' id='word_1_438' title='bbox 1539 2494 1549 2519; x_wconf 98' lang='lat'><em>¹</em></span> 
     </span>
     <span class='ocr_line' id='line_1_45' title="bbox 132 2537 712 2582; baseline -0.002 -10"><span class='ocrx_word' id='word_1_439' title='bbox 132 2539 174 2572; x_wconf 84' lang='lat'>35</span> <span class='ocrx_word' id='word_1_440' title='bbox 199 2537 308 2571; x_wconf 85' lang='lat' dir='ltr'>dissili</span> <span class='ocrx_word' id='word_1_441' title='bbox 331 2538 388 2582; x_wconf 73' lang='grc' dir='ltr'>ΡΗ</span> <span class='ocrx_word' id='word_1_442' title='bbox 404 2538 461 2571; x_wconf 85' lang='lat' dir='ltr'>alii</span> <span class='ocrx_word' id='word_1_443' title='bbox 488 2537 521 2578; x_wconf 83' lang='lat' dir='ltr'>C,</span> <span class='ocrx_word' id='word_1_444' title='bbox 547 2537 632 2571; x_wconf 88' lang='lat' dir='ltr'>alius</span> <span class='ocrx_word' id='word_1_445' title='bbox 655 2538 712 2571; x_wconf 86' lang='lat' dir='ltr'>PC</span> 
     </span>
    </p>
   </div>
  </div>
 </body>
</html>
