1709 2885
117 86 143 126 8
618 87 652 121 C.
670 86 875 122 SALLUSTI
899 86 1036 121 CRISPI

117 204 182 232 mo
202 191 406 244 pecuniae,
428 190 567 231 deinde
587 191 725 243 imperi
747 190 890 242 cupido
908 190 1047 239 crevit;
1070 202 1112 230 ea
1130 190 1240 241 quasi
1256 191 1435 231 materies
1450 204 1536 233 om-

75 256 95 288 4
118 249 227 288 nium
248 248 439 288 malorum
461 248 582 287 suere.
624 259 791 298 namque
812 247 965 286 avaritia
986 247 1100 286 fidem
1117 246 1348 298 probitatem
1366 253 1536 289 ceteras-

117 317 194 356 que
216 304 308 344 artis
330 304 452 344 bonas
472 304 684 351 subvortit;
706 315 777 355 pro
798 303 860 343 his
881 303 1101 355 superbiam
1134 303 1420 353 crudelitatem,
1441 305 1536 346 deos

74 369 93 400 5
118 361 338 411 neglegere,
360 360 489 400 omnia
509 360 656 400 venalia
671 360 812 399 habere
829 359 995 400 edocuit.
1031 359 1188 399 ambitio
1201 359 1346 399 multos
1360 362 1536 402 morta-lis

116 416 235 456 falsos
264 417 347 456 fieri
377 417 552 468 subegit,
588 416 688 456 aliud
722 416 897 455 clausum
926 415 965 455 in
995 423 1154 468 pectore
1188 416 1291 455 aliud
1327 416 1367 455 in
1403 417 1537 469 lingua
1561 424 1585 457 5

116 479 342 525 promptum
363 473 520 521 habere,
541 473 726 512 amicitias
747 472 1046 524 inimicitiasque
1067 485 1146 512 non
1165 485 1210 511 ex
1226 484 1268 512 re
1284 473 1350 512 sed
1368 485 1412 512 ex
1429 486 1535 514 com-

116 530 234 569 modo
263 535 479 570 aestumare
500 529 701 580 magisque
722 528 866 568 voltum
888 541 1003 580 quam
1025 529 1225 581 ingenium
1246 528 1393 568 bonum
1415 528 1533 570 habe-

74 593 93 625 6
116 598 173 626 re.
214 587 309 626 haec
330 586 456 638 primo
478 586 662 637 paulatim
685 597 874 633 crescere,
907 585 1102 625 interdum
1124 585 1328 633 vindicari;
1359 592 1450 637 post
1469 586 1533 626 ubi

117 643 297 694 contagio
320 643 429 694 quasi
450 642 671 694 pestilentia
692 642 850 691 invasit,
873 642 1004 681 civitas
1025 642 1230 688 inmutata,
1260 642 1468 694 imperium
1487 655 1533 682 ex

116 699 343 739 iustissumo
364 705 480 750 atque
501 704 662 750 optumo
684 698 841 738 crudele
862 699 1226 750 intolerandumque
1247 699 1403 738 factum.
1562 705 1603 738 10

45 759 93 795 11
230 755 307 795 Sed
335 755 463 807 primo
494 756 615 805 magis
646 754 803 794 ambitio
833 767 949 806 quam
979 755 1132 794 avaritia
1161 755 1311 794 animos
1330 754 1534 794 hominum

71 818 92 851 2
116 811 342 861 exercebat,
372 812 476 863 quod
498 817 626 850 tamen
645 811 779 850 vitium
801 812 965 863 propius
993 811 1174 850 virtutem
1196 817 1288 850 erat.
1339 823 1426 850 nam
1449 810 1533 862 glo-

114 868 210 907 riam
240 868 431 908 honorem
462 868 668 919 imperium
697 867 826 907 bonus
846 874 884 907 et
904 868 1063 918 ignavos
1082 880 1206 919 aeque
1234 867 1307 907 sibi
1329 872 1532 919 exoptant3

114 925 183 964 sed
205 924 268 964 ille
287 937 376 964 vera
396 925 453 963 via
475 924 623 972 nititur,
646 924 737 963 huic
759 925 847 976 quia
868 923 994 963 bonae
1015 930 1116 963 artes
1132 925 1287 972 desunt,
1304 923 1401 963 dolis
1417 929 1532 976 atque

71 988 90 1020 3
113 980 273 1020 fallaciis
295 980 508 1020 contendit.
551 981 704 1020 avaritia
724 981 915 1032 pecuniae
934 980 1106 1021 studium
1126 980 1253 1027 habet,
1276 992 1389 1032 quam
1415 992 1531 1019 nemo
1565 987 1602 1019 15

113 1038 272 1088 sapiens
302 1037 548 1089 concupivit3
582 1050 624 1077 ea
654 1037 764 1088 quasi
793 1037 953 1076 venenis
981 1037 1091 1076 malis
1119 1037 1254 1076 inbuta
1282 1048 1424 1087 corpus
1448 1037 1532 1076 ani-

111 1106 300 1146 mumque
320 1094 468 1133 virilem
489 1094 696 1141 effeminat,
719 1106 874 1146 semper
894 1093 1041 1133 infinita
1064 1093 1293 1132 insatiabilis
1314 1099 1384 1140 est,
1404 1105 1533 1144 neque

68 1157 90 1189 4
113 1150 224 1202 copia
254 1162 383 1202 neque
413 1150 545 1202 inopia
574 1150 776 1189 minuitur.
819 1150 887 1190 sed
907 1155 1114 1201 postquam
1137 1149 1178 1188 L.
1202 1149 1307 1188 Sulla
1331 1150 1450 1188 armis
1470 1161 1533 1188 re-

113 1212 225 1258 cepta
244 1219 286 1245 re
306 1206 463 1258 publica
483 1206 598 1245 bonis
614 1206 735 1245 initiis
750 1207 872 1245 malos
890 1212 1050 1245 eventus
1066 1205 1212 1253 habuit,
1230 1217 1365 1256 rapere
1383 1217 1532 1254 omues,

111 1263 287 1311 trahere,
317 1263 474 1303 domum
504 1262 603 1301 alius
623 1262 721 1301 alius
742 1275 856 1313 agros
878 1274 1045 1313 cupere,
1076 1273 1205 1312 neque
1224 1262 1383 1300 modum
1405 1274 1534 1313 neque
1562 1267 1605 1300 2⁰

112 1319 342 1359 modestiam
371 1319 537 1358 victores
567 1319 731 1367 habere,
762 1319 873 1358 foeda
904 1317 1154 1369 crudeliaque
1183 1318 1223 1357 in
1244 1317 1337 1357 civis
1361 1317 1533 1357 facinora

69 1382 88 1413 5
114 1376 253 1415 facere.
301 1375 381 1415 huc
410 1374 619 1414 adcedebat
648 1375 753 1426 quod
781 1375 824 1414 L.
847 1375 957 1414 Sulla
987 1375 1218 1422 exercitum,
1241 1386 1358 1425 quem
1383 1374 1422 1413 in
1445 1375 1533 1413 Asia

113 1432 348 1480 ductaverat,
370 1443 448 1482 quo
468 1430 541 1470 sibi
562 1432 681 1470 fidum
702 1432 856 1479 faceret,
879 1438 1015 1470 contra
1035 1443 1183 1470 morem
1204 1431 1394 1469 maiorum
1417 1430 1532 1470 luxu·

112 1488 216 1528 riose
237 1487 433 1538 nimisque
461 1487 672 1527 liberaliter
692 1487 891 1527 habuerat.
931 1488 1014 1526 loca
1035 1499 1216 1535 amoena,
1241 1487 1455 1538 voluptaria
1475 1488 1531 1526 fa-

69 1549 89 1582 6
113 1544 187 1584 cile
215 1545 255 1583 in
286 1543 365 1583 otio
385 1543 528 1583 ferocis
549 1544 715 1583 militum
735 1543 885 1582 animos
906 1543 1161 1582 molliverant.
1202 1543 1255 1582 ibi
1278 1543 1449 1594 primum
1470 1543 1530 1582 in·
1559 1550 1601 1584 25

112 1601 236 1640 suevit
280 1601 473 1640 exercitus
507 1600 644 1651 populi
678 1599 841 1639 Romani
877 1612 1004 1639 amare
1044 1605 1198 1651 potare,
1239 1599 1348 1650 signa
1384 1600 1533 1640 tabulas

112 1657 236 1709 pictas
257 1669 342 1696 vasa
365 1657 505 1696 caelata
527 1656 680 1704 mirari,
703 1669 745 1695 ea
765 1656 942 1707 privatim
965 1662 1001 1696 et
1022 1655 1177 1707 publice
1198 1668 1347 1707 rapere,
1373 1655 1532 1695 delubra

68 1720 87 1751 7
112 1712 294 1765 spoliare,
316 1725 423 1753 sacra
438 1713 680 1764 profanaque
697 1713 826 1751 omnia
842 1713 1029 1764 polluere.
1065 1712 1184 1763 igitur
1201 1712 1235 1751 ei
1252 1712 1407 1758 milites,
1423 1717 1532 1764 post-

111 1781 228 1820 quam
259 1769 457 1808 victoriam
489 1769 617 1820 adepti
639 1775 751 1816 sunt,
785 1768 881 1808 nihil
911 1768 1051 1820 reliqui
1072 1769 1183 1808 victis
1206 1769 1345 1808 secere.
1385 1769 1532 1820 quippe

110 1826 306 1865 secundae
328 1837 391 1864 res
411 1825 646 1877 sapientium
668 1826 818 1864 animos
839 1825 1013 1877 fatigant,
1035 1837 1085 1864 ne
1107 1825 1160 1864 illi
1181 1825 1386 1876 conruptis
1410 1825 1531 1864 mori·
1560 1831 1603 1864 30

109 1882 185 1921 bus
205 1882 388 1921 victoriae
408 1887 684 1933 temperarent.

40 1940 89 1978 12
223 1937 434 1989 Postquam
464 1937 615 1978 divitiae
638 1938 779 1977 honori
809 1949 893 1976 esse
924 1949 1087 1989 coepere
1117 1942 1155 1976 et
1175 1949 1240 1976 eas
1265 1937 1387 1987 gloria
1408 1937 1532 1988 impe-

109 1994 213 2035 rium
242 1994 414 2046 potentia
443 1993 700 2045 sequebatur,
730 1994 939 2033 hebescere
967 1995 1110 2041 virtus,
1141 2001 1350 2045 paupertas
1384 1993 1530 2045 probro

66 2055 87 2089 2
109 2051 257 2090 haberi.
296 2051 519 2090 innocentia
539 2062 612 2102 pro
633 2050 891 2090 malivolentia
914 2050 1001 2090 duci
1019 2050 1159 2101 coepit.
1195 2049 1315 2100 igitur
1329 2062 1376 2089 ex
1389 2049 1530 2088 divitiis

109 2108 351 2148 iuventutem
373 2107 525 2146 luxuria
545 2112 662 2158 atque
681 2106 835 2145 avaritia
857 2118 947 2145 cum
968 2106 1151 2157 superbia
1167 2106 1362 2154 invasere3
1379 2117 1530 2157 rapere,
1560 2112 1601 2145 35

111 2176 366 2211 consumere,
397 2176 466 2203 sua
487 2163 594 2214 parvi
616 2163 807 2214 pendere,
833 2162 957 2202 aliena
979 2175 1137 2214 cupere,
1166 2162 1356 2214 pudorem
1377 2161 1530 2213 pudici-

109 2221 215 2269 tiam,
237 2220 363 2260 divina
383 2225 498 2271 atque
515 2220 683 2259 humana
702 2219 937 2271 promiscua,
960 2219 1057 2258 nihil
1073 2219 1187 2271 pensi
1201 2231 1328 2270 neque
1342 2218 1531 2257 moderati

67 2282 87 2315 3
111 2277 267 2319 habere.
308 2289 451 2328 operae
469 2276 642 2328 pretium
663 2281 741 2325 est,
763 2288 851 2316 cum
873 2275 1009 2315 domos
1030 2281 1146 2327 atque
1170 2274 1276 2315 villas
1302 2274 1530 2325 cognoveris

205 2435 217 2465 1
245 2431 402 2465 materies
433 2443 478 2464 ea:
509 2432 666 2465 materias
694 2430 748 2475 ΡΙῙ
767 2433 788 2465 4
813 2432 970 2473 negglere
992 2430 1046 2475 Pu
1069 2432 1107 2464 12
1133 2429 1270 2473 propius
1303 2430 1367 2467 (sic
1387 2439 1429 2471 p,
1454 2439 1531 2472 pro-

134 2477 202 2510 rius
220 2478 258 2517 P)
282 2477 442 2510 uirtutem
460 2476 522 2512 PC,
548 2479 654 2510 Prisc.
670 2477 735 2510 vol.
754 2476 791 2508 II
801 2487 835 2519 p.
854 2476 921 2510 292
944 2478 1047 2510 Αιηιε.
1065 2487 1099 2518 ρ.
1113 2476 1190 2516 254,
1215 2474 1352 2517 propius
1369 2474 1486 2507 uirtuti
1505 2473 1535 2508 G

133 2523 175 2556 22
202 2522 269 2556 asia
295 2521 366 2563 PC,
391 2522 496 2554 asiam
523 2522 636 2563 01130
661 2532 702 2555 ne
726 2521 798 2563 PC,
823 2523 928 2555 Prisc.
956 2522 1019 2554 vol.
1046 2522 1134 2563 Hp.
1162 2520 1237 2561 100,
1270 2518 1391 2552 nedum
1421 2521 1532 2562 pauci

109 2578 156 2600 eae
182 2566 216 2609 C,
239 2567 348 2602 Prisc.
366 2567 432 2600 vol.
450 2567 488 2600 II
499 2578 533 2609 p.
551 2567 646 2611 5031]
666 2569 707 2601 38
734 2567 948 2609 cognouerisj
975 2566 1090 2605 uideas
1116 2566 1222 2598 Prisc.
1242 2564 1305 2597 vol.
1325 2563 1363 2596 II
1372 2574 1407 2607 p.
1424 2563 1492 2598 370
