1709 2885
0 689 79 736 '10

41 985 77 1016 15

38 1264 80 1296 20

33 1543 75 1576 25

36 1824 76 1856 30

39 2103 79 2135 35

491 90 545 123 DE
573 89 890 123 GON1URAT10NE
916 88 1140 122 CATILINAE
1471 86 1522 126 33

110 206 179 244 ego
200 193 249 232 ita
271 204 432 231 censeo:
452 204 540 231 cum
561 192 708 230 nefario
733 191 894 230 consilio
919 191 1194 230 sceleratorum
1217 191 1356 230 civium
1373 203 1434 230 res
1452 203 1526 241 pu-

109 250 205 288 blica
243 249 282 287 in
312 261 490 288 maxuma
520 247 692 299 pericula
720 247 887 294 venerit,
913 247 1025 297 eique
1056 247 1198 286 indicio
1229 247 1272 285 T.
1295 247 1467 286 Volturci
1490 252 1525 285 et

108 306 320 356 legatorum
352 305 604 355 Allobrogum
641 303 804 342 convicti
832 304 1078 353 confessique
1108 303 1186 342 sint
1214 304 1367 342 caedem
1390 303 1525 341 incen-

109 362 167 400 dia
193 361 342 411 aliaque
374 374 414 400 se
436 360 546 399 foeda
575 365 689 410 atque
720 359 888 398 crudelia
918 360 1086 398 facinora
1110 360 1148 397 in
1171 359 1263 397 civis
1285 360 1525 410 patriamque

109 417 319 469 paravisse,
355 418 400 455 de
441 416 628 455 confessis
663 416 776 454 sicuti
807 416 852 454 de
884 416 1112 454 manufestis
1143 427 1274 454 rerum
1305 415 1524 466 capitalium

108 486 214 512 more
235 473 422 511 maiorum
447 471 684 523 supplicium
706 471 968 511 sumundum.'

219 528 427 580 Postquam
452 529 542 568 Cato
573 528 740 575 adsedit,
763 528 987 566 consulares
1008 539 1144 565 omnes
1176 527 1345 578 itemque
1367 532 1524 565 senatus
1546 530 1596 566 53

108 597 244 635 magna
275 598 364 636 pars
387 585 614 624 sententiam
648 584 730 622 eius
752 583 929 630 laudant,
960 583 1137 622 virtutem
1168 583 1283 622 animi
1306 583 1350 621 ad
1375 583 1522 621 caelum

106 642 260 687 ferunt,
292 642 353 680 alii
377 642 471 680 alios
502 641 749 691 increpantes
778 640 934 679 timidos
954 645 1112 686 vocant,
1141 639 1230 678 Cato
1263 639 1388 678 clarus
1410 647 1526 689 atque

107 709 270 747 magnus
292 697 475 743 habetur,
498 697 618 735 senati
641 696 838 734 decretum
859 697 917 739 fit,
940 696 1053 734 sicuti
1075 695 1138 734 ille
1159 702 1376 734 censuerat.

217 753 291 792 Sed
337 753 429 791 mihi
474 752 592 791 multa
644 752 788 802 legenti
827 752 946 790 multa
989 751 1180 796 audienti,
1215 763 1312 803 quae
1356 751 1525 802 populus
1549 759 1568 790 2

105 809 302 848 Romanus
333 809 433 847 domi
467 808 702 859 militiaeque
731 808 826 846 mari
858 814 973 858 atque
1007 813 1106 846 terra
1138 807 1333 859 praeclara
1355 807 1526 845 facinora

104 865 216 912 fecit,
239 865 338 904 forte
360 865 485 903 lubuit
506 865 725 912 adtendere,
750 876 847 914 quae
868 876 930 903 res
952 876 1129 903 maxume
1156 870 1261 903 tanta
1284 863 1437 914 negotia
1459 876 1524 902 su-

105 920 318 960 stinuisset.
359 921 526 960 sciebam
556 933 669 972 saepe
699 933 860 959 numero
892 933 1005 971 parva
1034 932 1152 959 manu
1183 932 1270 959 cum
1299 919 1450 970 magnis
1472 919 1525 958 le·
1549 927 1567 959 3

106 977 286 1026 gionibus
316 978 483 1016 hostium
524 977 783 1016 contendisse.
826 989 1080 1027 cognoveram
1111 977 1236 1027 parvis
1276 976 1399 1027 copiis
1426 975 1525 1014 bella

105 1038 209 1082 gesta
230 1045 318 1072 cum
348 1033 544 1084 opulentis
573 1033 752 1083 regibus,
782 1033 828 1071 ad
859 1033 932 1071 hoc
962 1046 1076 1084 saepe
1108 1034 1285 1071 fortunae
1306 1032 1524 1070 violentiam

104 1089 344 1135 toleravisse,
375 1090 554 1128 facundia
584 1089 750 1128 Graecos
782 1089 901 1139 gloria
931 1089 1021 1128 belli
1052 1089 1179 1127 Gallos
1211 1095 1298 1127 ante
1330 1088 1526 1126 Romanos

104 1145 234 1183 fuisse.
275 1159 320 1184 ac
335 1146 429 1184 mihi
451 1146 570 1185 multa
599 1145 756 1196 agitanti
787 1145 988 1184 constabat
1015 1157 1229 1196 paucorum
1253 1144 1392 1183 civium
1415 1156 1525 1194 egre-
1549 1152 1569 1183 4

104 1203 205 1252 giam
234 1202 413 1240 virtutem
448 1208 586 1241 cuncta
608 1202 815 1252 patravisse
848 1213 973 1252 eoque
1006 1202 1148 1240 factum
1182 1201 1237 1239 uti
1259 1201 1407 1239 divitias
1429 1213 1525 1251 pau-

108 1263 257 1308 pertaS,
279 1258 567 1296 multitudinem
589 1258 762 1309 paucitas
783 1263 997 1308 superaret.
1038 1258 1102 1296 sed
1127 1263 1333 1308 postquam
1355 1257 1446 1295 luxu
1469 1263 1526 1296 at-
1550 1265 1568 1295 5

105 1325 181 1363 que
203 1313 344 1352 desidia
367 1314 496 1353 civitas
518 1321 708 1364 conrupta
731 1319 808 1360 est,
830 1326 968 1352 rursus
992 1326 1053 1352 res
1083 1313 1240 1364 publica
1262 1313 1527 1363 magnitudine

104 1381 173 1407 sua
195 1369 471 1420 imperatorum
494 1376 608 1421 atque
634 1369 925 1419 magistratuum
947 1370 1035 1408 vitia
1065 1368 1305 1408 sustentabat
1325 1382 1390 1415 ac,
1413 1368 1526 1407 sicuti

104 1425 213 1464 effeta
243 1432 423 1476 parente,
458 1426 592 1465 multis
622 1426 916 1476 tempestatibus
957 1426 1058 1464 haud
1089 1438 1182 1464 sane
1213 1425 1418 1475 quisquam
1450 1424 1528 1462 Ro-

104 1493 187 1519 mae
216 1481 354 1520 virtute
389 1494 551 1532 magnus
581 1482 666 1520 fuit.
708 1481 774 1520 sed
806 1481 990 1519 memoria
1016 1493 1100 1519 mea
1131 1481 1278 1531 ingenti
1311 1481 1448 1519 virtute
1471 1480 1528 1518 di·
1550 1488 1571 1520 6

104 1538 225 1576 vorsis
247 1537 421 1576 moribus
451 1538 561 1576 fuere
589 1537 659 1575 viri
681 1537 757 1575 duo
787 1537 837 1576 M.
871 1537 961 1576 Cato
985 1544 1022 1575 et
1056 1537 1095 1576 C.
1119 1536 1276 1575 Caesar:
1309 1549 1407 1587 quos
1430 1549 1529 1587 quo-

104 1594 206 1632 niam
227 1606 288 1632 res
310 1593 522 1642 obtulerat,
553 1593 706 1632 silentio
737 1593 948 1644 praeterire
978 1593 1152 1632 nonfuit
1184 1593 1402 1634 consilium.
1432 1592 1526 1643 quin

106 1650 308 1700 utriusque
330 1657 505 1689 naturam
528 1655 564 1688 et
580 1661 725 1696 mores,
745 1657 932 1700 quantum
949 1649 1108 1699 ingenio
1123 1662 1276 1700 possem
1290 1680 1299 1694 ,
1321 1649 1526 1700 aperirem.

105 1706 222 1756 igitur
255 1706 310 1745 eis
337 1718 460 1757 genus
489 1714 591 1745 aetas
621 1706 841 1756 eloquentia
872 1718 995 1756 prope
1017 1705 1190 1756 aequalia
1221 1706 1348 1748 fuere,
1378 1706 1529 1756 magni-
1551 1709 1602 1745 54

105 1762 197 1800 tudo
227 1762 345 1801 animi
376 1775 466 1813 par,
497 1763 589 1800 item
619 1761 760 1810 gloria,
791 1762 857 1799 sed
888 1761 958 1800 alia
988 1761 1064 1799 alii.
1104 1761 1241 1800 Caesar
1266 1761 1455 1800 benificiis
1484 1773 1528 1800 ac
1551 1769 1570 1801 2

109 1818 371 1857 munificentia
417 1830 582 1869 magnus
623 1817 855 1860 habebatur,
904 1817 1122 1867 integritate
1158 1817 1255 1856 vitae
1294 1817 1397 1856 Cato.
1464 1817 1528 1856 ille

104 1875 404 1913 mansuetudine
436 1880 474 1912 et
511 1873 776 1912 misericordia
807 1873 933 1912 clarus
966 1874 1108 1919 factus,
1142 1873 1233 1912 huic
1259 1874 1442 1911 'severitas
1471 1873 1528 1911 di-

105 1930 290 1980 gnitatem
311 1930 518 1970 addiderat.
559 1929 696 1968 Caesar
726 1929 850 1968 dando
881 1929 1117 1968 sublevando
1147 1930 1414 1980 ignoscundo,
1438 1929 1527 1968 Cato
1552 1937 1570 1969 3

108 1985 203 2024 nihil
225 1986 430 2035 largiundo
454 1985 613 2035 gloriam
636 1985 798 2036 adeptus
821 1991 890 2024 est.
932 1986 971 2024 in
994 1985 1113 2024 altero
1134 1985 1288 2024 miseris
1308 1985 1528 2037 perfugium

107 2047 209 2089 erat,
238 2042 276 2079 in
300 2042 419 2080 altero
450 2041 560 2080 malis
590 2041 797 2092 pernicies.
839 2042 942 2080 illius
971 2042 1143 2089 facilitas,
1175 2042 1291 2081 liuius
1313 2043 1529 2081 constantia

109 2097 346 2137 laudabatur.
389 2103 585 2148 postremo
616 2098 754 2137 Caesar
774 2098 813 2137 in
835 2099 1007 2138 animum
1038 2098 1243 2137 induxerat
1260 2098 1448 2146 laborare,
1474 2098 1528 2136 vi—
1551 2106 1571 2138 4

201 2244 214 2273 1
244 2251 307 2283 ego
344 2241 391 2273 ita
417 2240 523 2282 PFG,
555 2241 602 2274 ita
635 2251 697 2284 ego
726 2242 766 2283 C,
802 2251 865 2284 ego
900 2242 964 2274 del.
995 2241 1130 2283 Selling
1146 2240 1157 2283 11
1178 2243 1196 2274 2
1222 2243 1390 2284 maxuma]
1425 2243 1528 2281 salma

111 2286 142 2318 1²
158 2285 169 2329 ΙΙ
190 2286 243 2318 titi
272 2286 417 2319 uolturci
443 2287 488 2323 Ρ,
513 2289 546 2318 ·t-
574 2285 718 2319 uulturci
748 2287 785 2319 V
798 2285 809 2330 ΙΙ
827 2289 844 2319 5
871 2286 1014 2320 defessis
1040 2288 1073 2327 (ὃ
1095 2296 1170 2328 sup.
1195 2287 1249 2322 de>
1278 2286 1334 2328 Pu
1350 2289 1369 2320 9
1405 2286 1528 2320 f'erunt

108 2336 141 2371 (u
169 2332 231 2371 er.)
264 2329 320 2374 ΡΗ
337 2334 488 2364 uocant*
505 2344 520 2360 =r=
552 2333 601 2372 (es
626 2333 686 2372 er.)
720 2333 750 2363 P
771 2331 783 2374 11
811 2334 849 2365 10
883 2334 998 2364 senat*
1019 2332 1040 2373 (i
1067 2333 1128 2372 er.)
1157 2331 1210 2375 Pll
1229 2332 1351 2364 illecon
1384 2333 1530 2365 si**erat

108 2374 196 2415 (fuit
226 2378 384 2416 sumerat)
410 2375 524 2419 P1113
560 2375 631 2409 fore
664 2379 701 2417 (s,
726 2388 751 2408 s.
778 2379 803 2415 t)
840 2375 892 2420 Pu
913 2378 953 2409 21
978 2376 1209 2419 magnitudine
1243 2387 1301 2409 sua
1335 2388 1378 2408 ea:
1403 2378 1531 2419 magni-

109 2419 234 2453 tudinis
259 2431 316 2464 sucf
342 2422 394 2464 [111
415 2422 454 2453 22
482 2420 581 2453 sicuti
604 2420 667 2463 PC,
693 2422 798 2454 ueluti
819 2421 845 2453 C
863 2423 973 2463 pauci
988 2421 999 2465 Η
1020 2423 1061 2455 23
1087 2421 1186 2455 effeta
1205 2426 1341 2464 parente
1366 2433 1402 2461 z,
1430 2422 1529 2455 effeta

111 2468 285 2508 parentum
309 2465 380 2507 PC,
415 2465 565 2498 Gronov.
601 2465 674 2498 θῦε.
709 2469 734 2508 l,
764 2466 806 2499 2.·
840 2471 950 2499 aetate
982 2471 1060 2509 post
1091 2466 1189 2499 effeta
1222 2469 1285 2499 ins.
1311 2467 1463 2509 Dietsclz,
1495 2468 1530 2500 ui

109 2509 238 2543 Ritsch.
258 2510 344 2543 Mus.
362 2512 416 2543 νΙι.
435 2510 488 2551 21,
505 2509 593 2550 316;
611 2514 648 2543 at
664 2511 708 2550 ef.
726 2511 813 2544 Plin.
834 2522 883 2553 ep.
902 2514 933 2553 5,
952 2511 994 2544 21
1012 2512 1115 2554 Apul.
1129 2511 1230 2554 Apol.
1244 2511 1286 2543 76
1305 2510 1316 2555 Η
1334 2513 1373 2545 27
1393 2523 1528 2555 possem

114 2554 147 2595 C,
173 2565 314 2597 possum
336 2556 416 2597 PC„
437 2558 478 2588 28
505 2559 618 2596 aestas
639 2557 672 2588 P

183 2615 348 2643 Sallustius.
384 2615 434 2642 Ed.
448 2615 482 2642 11.
1250 2615 1267 2646 3
