1709 2885
176 63 256 105 138
495 67 665 102 INCERTI
690 67 951 104 SALLUSTIUS
976 68 1033 102 AD
1058 68 1290 103 CAESAREM

173 169 248 210 bus
268 170 370 209 hanc
400 171 624 210 servitutem
649 170 808 223 inponi,
839 181 1004 220 reguum
1035 171 1205 224 denique
1227 185 1272 212 ex
1301 173 1421 212 libera
1439 170 1600 227 {civitate

173 228 363 276 futurum,
393 227 459 266 ubi
491 227 608 267 unius
635 239 798 267 munere
819 228 1026 267 multitudo
1052 228 1192 278 ingens
1221 228 1261 268 in
1293 229 1482 269 civitatem
1510 242 1601 282 per—

129 290 150 322 2
174 283 336 323 venerit.
387 284 566 335 equidem
596 296 668 335 ego
698 284 754 323 sic
784 284 887 335 apud
914 284 1085 323 animum
1118 298 1247 325 meum
1278 291 1424 325 statuo:
1457 286 1600 326 malum

172 340 324 379 facinus
344 340 383 379 in
406 353 447 379 se
468 341 682 388 admittere,
714 340 780 392 qui
802 340 1048 380 incommodo
1069 342 1126 380 rei
1147 342 1324 393 publicae
1346 343 1505 394 gratiam
1527 342 1600 382 sibi

173 396 374 437 conciliet:
406 397 470 436 ubi
494 397 640 436 bonum
663 397 863 448 publicum
885 398 997 436 etiam
1019 399 1195 449 privatim
1218 399 1306 438 usui
1333 405 1412 446 est,
1443 399 1481 438 id
1510 411 1600 438 vero

130 457 149 489 3
174 452 350 492 dubitare
372 454 550 503 aggredi,
583 454 785 493 socordiae
806 461 921 504 atque
942 454 1114 504 ignaviae
1135 456 1247 494 duco.
1282 455 1332 494 M.
1350 455 1477 494 Druso
1498 468 1600 495 sem-

174 522 244 561 per
265 510 473 549 consilium
496 510 568 549 suit
598 510 639 548 in
660 510 860 549 tribunatu
891 523 1040 550 summa
1071 524 1145 563 ope
1176 511 1246 552 niti
1276 524 1348 563 pro
1379 512 1599 560 nobilitate;

174 579 302 617 neque
325 566 441 605 ullam
463 579 544 605 rem
568 567 605 605 in
629 567 824 618 principio
855 565 967 617 ag'ere
989 568 1177 615 intendit,
1209 568 1283 607 nisi
1314 568 1391 607 illei
1421 575 1600 608 auctores

129 628 149 659 4
173 623 339 661 fuerant.
399 624 465 662 sed
496 623 675 662 homines
695 623 865 671 factiosi,
897 624 1038 674 quibus
1068 625 1179 664 dolus
1209 631 1324 676 atque
1352 625 1494 663 malitia
1525 625 1600 664 fide

173 679 321 718 cariora
336 686 458 727 erant,
476 679 543 718 ubi
561 680 838 718 intellexerunt
852 692 922 731 per
938 693 1061 720 unum
1080 682 1276 720 hominem
1293 693 1516 720 maxumum
1534 681 1600 720 be-

173 736 353 774 neficium
365 736 497 774 multis
509 736 738 775 mortalibus
749 736 841 782 dari,
854 737 1029 777 videlieet
1045 738 1117 776 sibi
1131 739 1297 789 quisque
1309 739 1491 777 conscius
1501 738 1600 777 malo

172 798 287 843 atque
317 793 435 831 infido
461 793 589 831 animo
621 806 728 841 esse,
764 793 810 832 de
831 793 880 832 M.
904 793 1030 832 Druso
1051 795 1156 834 iuxta
1187 807 1226 833 se
1258 794 1599 833 existumaverunt.

130 855 147 885 5
172 849 304 900 itaque
325 855 430 888 metu
448 862 496 888 ne
514 862 585 900 per
606 855 750 888 tantam
773 850 933 900 gratiam
954 851 1060 889 solus
1078 863 1209 890 rerum
1227 856 1441 903 poteretur,
1465 858 1601 889 contra

129 909 148 942 6
173 918 257 945 eam
274 906 349 944 nisi
371 918 440 944 sua
463 912 499 945 et
520 906 667 957 ipseius
685 906 846 945 consilia
862 907 1189 946 disturbaverunt.
1227 920 1304 959 quo
1326 908 1410 954 tibi,
1434 907 1601 959 impera-

171 967 245 1009 tor,
267 962 413 1001 maiore
435 975 526 1001 cura
549 963 716 1013 fideique
738 963 848 1001 amici
872 969 908 1002 et
929 963 1048 1002 multa
1070 964 1260 1014 praesidia
1282 964 1450 1015 paranda
1476 970 1581 1002 sunt.

126 1021 146 1055 7
285 1019 442 1058 Hostem
473 1019 675 1058 adversum
712 1019 929 1071 deprimere
960 1025 1121 1058 strenuo
1152 1020 1300 1059 homini
1330 1020 1432 1059 haud
1462 1020 1600 1059 diffiei-

171 1075 264 1115 lest:
292 1075 442 1114 occulta
461 1076 632 1127 pericula
656 1089 783 1127 neque
799 1078 925 1115 facere
949 1089 1077 1127 neque
1094 1077 1212 1116 vitare
1228 1076 1340 1115 bonis
1358 1077 1397 1115 in
1416 1082 1600 1128 promptu

128 1138 148 1170 2
172 1138 240 1171 est.
281 1132 412 1184 igitur,
440 1133 505 1171 ubi
528 1145 594 1171 eos
625 1132 663 1171 in
687 1132 877 1172 civitatem
899 1133 1117 1180 adduxeris,
1148 1133 1331 1184 quoniam
1361 1133 1517 1184 quidem
1538 1144 1601 1172 re-

171 1195 306 1228 novata
327 1189 438 1240 plebs
460 1189 544 1235 erit,
567 1189 606 1227 in
630 1201 673 1227 ea
694 1202 736 1228 re
757 1201 934 1228 maxume
956 1190 1128 1228 animum
1147 1196 1338 1236 exerceto,
1364 1197 1406 1228 ut
1423 1189 1602 1228 colantur

127 1252 147 1283 3
170 1245 263 1284 boni
280 1258 420 1293 mores,
445 1246 653 1284 concordia
676 1246 778 1284 inter
794 1252 942 1284 veteres
964 1252 1001 1284 et
1021 1258 1142 1285 novos
1159 1246 1359 1285 coalescat.
1393 1245 1460 1284 sed
1478 1245 1599 1285 multo

170 1314 393 1341 maxumum
416 1302 562 1341 bonum
586 1303 731 1354 patriae
752 1301 920 1349 civibus,
953 1303 1019 1341 tibi
1051 1303 1203 1350 liberis,
1235 1308 1434 1354 postremo
1463 1303 1600 1342 huma-

168 1372 242 1398 nae
258 1359 364 1409 genti
381 1359 595 1410 pepereris,
619 1359 651 1397 si
668 1359 840 1398 studium
858 1360 1048 1410 pecuniae
1064 1365 1130 1399 aut
1151 1359 1355 1398 sustuleris
1371 1365 1448 1407 aut,
1472 1359 1600 1410 quoad

168 1427 232 1454 res
249 1416 359 1463 feret,
383 1416 584 1455 minueris.
620 1416 731 1454 aliter
753 1428 880 1466 neque
898 1417 1042 1468 privata
1064 1428 1127 1455 res
1154 1429 1280 1467 neque
1298 1415 1453 1467 publica
1470 1427 1600 1466 neque

124 1479 145 1511 4
170 1472 274 1511 domi
297 1485 425 1523 neque
449 1472 607 1511 militiae
628 1473 711 1523 regi
734 1479 873 1523 potest.
916 1485 1004 1511 nam
1030 1473 1096 1512 nbi
1127 1473 1268 1524 cupido
1299 1473 1517 1512 divitiarum
1538 1473 1599 1512 in-

168 1528 276 1580 vasit,
300 1541 429 1579 neque
449 1529 654 1579 disciplina
677 1542 805 1580 neque
829 1536 931 1568 artes
953 1529 1078 1568 bonae
1100 1542 1229 1580 neque
1250 1530 1453 1579 ingenium
1477 1529 1597 1568 ullum

167 1585 260 1624 satis
291 1585 431 1636 pollet,
472 1585 566 1635 quin
606 1586 759 1624 animus
789 1585 910 1636 magis
939 1592 1004 1624 aut
1034 1587 1164 1625 minus
1199 1593 1368 1632 mature,
1400 1592 1599 1637 postremo

123 1649 143 1680 5
168 1648 296 1681 tamen
318 1642 559 1686 succumbat,
609 1654 725 1693 saepe
754 1643 828 1681 iam
860 1642 1006 1689 audivi,
1042 1642 1107 1693 qui
1138 1654 1270 1693 regeS.
1302 1654 1401 1693 quae
1428 1642 1599 1682 civitates

168 1704 205 1737 et
226 1698 404 1737 nationes
426 1710 497 1749 per
519 1698 757 1750 opulentiam
782 1711 921 1748 magna
957 1699 1117 1750 imperia
1147 1698 1368 1745 amiserint,
1400 1711 1498 1750 quae
1528 1711 1600 1751 per

122 1760 143 1792 6
167 1754 347 1794 virtutem
370 1755 508 1806 inopes
531 1761 734 1806 ceperant:
766 1755 804 1794 id
825 1755 920 1794 adeo
944 1755 1042 1793 haud
1067 1755 1285 1794 mirandum
1309 1761 1377 1794 est.
1421 1768 1509 1794 nam
1532 1755 1598 1795 ubi

167 1811 296 1850 honus
318 1812 551 1850 deteriorem
575 1811 716 1850 divitiis
738 1812 859 1862 magis
877 1811 1023 1850 clarum
1040 1812 1242 1863 magisque
1259 1818 1462 1863 acceptum
1479 1813 1594 1860 videt,

166 1868 294 1919 primo
311 1874 459 1906 aestuat
475 1868 674 1919 multaque
696 1868 734 1907 in
758 1873 917 1919 pectore
934 1868 1067 1907 volvit:
1091 1869 1158 1908 sed
1180 1868 1246 1907 uhi
1264 1868 1385 1918 gloria
1407 1868 1597 1908 honorem

167 1925 288 1975 magis
311 1925 350 1963 in
373 1924 475 1973 dies,
508 1925 689 1963 virtutem
716 1924 914 1976 opulentia
940 1925 1081 1973 vincit,
1111 1926 1265 1964 animus
1295 1924 1339 1964 ad
1362 1925 1598 1976 voluptatem

123 1988 140 2020 7
166 1993 185 2019 a
202 1993 293 2020 vero
312 1981 450 2020 deficit.
489 1981 637 2033 quippe
658 1981 779 2032 gloria
802 1981 993 2020 industria
1013 1982 1151 2029 alitur,
1175 1981 1242 2020 ubi
1263 1994 1346 2020 eam
1368 1982 1596 2034 dempseris,

124 2044 142 2077 8
167 2038 250 2089 ipsa
274 2050 345 2089 per
366 2051 406 2076 se
429 2037 550 2076 virtus
571 2051 698 2077 amara
720 2046 836 2089 atque
858 2050 994 2089 aspera
1016 2046 1086 2078 est.
1129 2043 1328 2090 postremo
1354 2038 1419 2077 ubi
1445 2038 1597 2078 divitiae

168 2095 293 2134 clarae
323 2094 528 2142 hahentur,
560 2094 611 2133 ibi
634 2095 763 2133 omnia
784 2095 886 2133 bona
905 2095 989 2133 vilia
1020 2101 1124 2141 sunt,
1150 2095 1244 2134 fides
1267 2095 1438 2146 probitas
1468 2095 1597 2146 pudor

124 2158 143 2189 9
167 2151 366 2203 pudicitia.
409 2163 497 2190 nam
518 2151 564 2190 ad
587 2151 768 2190 virtutem
790 2151 848 2189 via
870 2151 989 2190 ardua
1011 2158 1088 2200 est,
1119 2152 1165 2191 ad
1187 2152 1393 2203 pecuniam
1415 2163 1491 2202 qua
1513 2151 1596 2190 cui-

107 2215 144 2247 10
168 2220 245 2259 que
267 2207 375 2247 lubet
404 2208 560 2247 nititur:
603 2215 640 2247 et
660 2208 771 2247 malis
800 2214 838 2247 et
865 2208 982 2247 bonis
1011 2209 1129 2248 rebus
1151 2221 1194 2247 ea
1225 2214 1390 2247 creatur.
1433 2219 1525 2258 ergo
1555 2207 1595 2247 in

257 2334 276 2365 6
302 2330 459 2373 aggredi*
488 2330 545 2373 ΙἸΙ
565 2330 719 2373 ignauiae
747 2330 784 2363 V
802 2333 838 2362 in
862 2341 977 2372 marg.
997 2329 1009 2374 Η
1034 2333 1052 2364 8
1080 2331 1149 2364 illei
1172 2333 1309 2373 scripsi,
1339 2329 1393 2372 ille
1418 2332 1523 2369 (corr.
1551 2341 1596 2363 ca:

166 2377 235 2417 ille)
263 2376 299 2409 V
312 2376 323 2418 11
353 2377 390 2408 12
417 2376 509 2409 iuxta
536 2386 570 2408 se
595 2378 739 2417 scripsi,
776 2376 867 2408 iuxta
894 2386 932 2408 ac
957 2386 993 2408 se
1019 2377 1060 2411 l',
1086 2377 1179 2409 iuxta
1213 2387 1251 2409 ac
1283 2375 1323 2408 de
1348 2385 1384 2407 se
1412 2374 1561 2408 Gerlach
1584 2374 1597 2420 ΙΙ

169 2425 208 2455 13
235 2425 409 2464 poteretur
425 2422 474 2454 1⁷:
501 2420 545 2459 cf.
571 2422 766 2460 ,allsclwl'skz
791 2421 837 2453 ad
860 2421 934 2453 Liv.
954 2422 984 2463 7,
1002 2422 1023 2454 9
1045 2433 1079 2463 p.
1100 2423 1164 2456 164
1188 2422 1322 2454 Nmn‘us
1337 2419 1532 2464 22,418s.11
1555 2423 1593 2454 15

166 2467 291 2501 maiore
319 2466 485 2507 Gerlach,
511 2467 616 2500 maior
642 2466 700 2511 ΙἸΙ
721 2468 762 2501 23
788 2466 873 2499 seret
897 2467 1019 2508 .-1ldus‚
1046 2467 1168 2500 referet
1194 2465 1252 2510 VH
1272 2467 1314 2499 29
1341 2465 1373 2498 id
1398 2465 1481 2498 adeo
1506 2466 1596 2498 Asu-

167 2513 279 2554 lanus,
302 2512 378 2545 ideo
397 2511 458 2556 VH
477 2514 517 2546 36
544 2513 597 2545 uia
623 2512 724 2545 ardua
750 2516 801 2545 est
825 2514 961 2554 scripsi,
987 2523 1052 2545 una
1078 2512 1179 2545 ardua
1205 2515 1256 2545 est
1281 2510 1349 2551 (uia
1373 2521 1447 2553 sup.
1468 2512 1533 2552 est)
1552 2511 1594 2553 V,

166 2569 231 2591 una
265 2562 298 2591 ct
324 2557 425 2591 ardua
449 2557 504 2590 uia
530 2562 581 2591 est
607 2558 717 2590 Aldus

1634 689 1670 722 10

1635 973 1669 1004 15

1628 1250 1669 1284 20

1627 1535 1667 1568 25

1627 1791 1707 1852 39ἶ

1626 2103 1666 2135 35

1680 2726 1709 2885 ssfffwve-x„
1695 2680 1697 2690 .„
