1709 2885
0 691 52 775 μθ

15 995 50 1027 15

539 99 592 133 DE
617 98 750 132 BELLO
775 98 1036 132 lUGURTHlNO
1416 95 1491 134 105

83 209 257 242 materno
288 214 431 253 genere
461 202 575 254 inpar
604 224 658 230 —
689 213 777 240 nam
807 205 915 252 pater
946 200 1029 240 eius
1060 212 1105 239 ex
1136 199 1354 239 concubina
1384 206 1492 239 ortus

85 265 166 298 erat
184 281 238 287 —
259 258 392 298 Mauro
422 258 469 297 ob
492 258 622 309 ingeni
653 257 772 297 multa
800 257 900 296 bona
922 268 1033 296 carus
1054 262 1326 307 acceptusque.
1375 268 1490 307 quem
1514 262 1533 295 2

83 314 261 355 Bocchus
289 315 407 353 fidum
429 327 512 354 esse
536 314 720 353 Romanis
740 313 871 352 multis
887 320 975 352 ante
996 312 1288 364 tempestatibus
1309 318 1491 363 expertus

84 370 174 410 ilico
204 371 249 410 ad
272 370 415 410 Sullam
440 370 658 410 nuntiatum
688 369 804 409 mittit
823 374 998 421 paratum
1021 381 1106 408 sese
1139 369 1263 407 facere
1293 380 1391 418 quae
1422 380 1492 420 po-

83 427 199 479 pulus
220 427 418 466 Romanus
439 427 562 475 vellet,
593 425 800 476 conloquio
823 425 924 464 diem
952 425 1082 464 locum
1102 430 1254 475 tempus
1285 424 1368 475 ipse
1390 424 1494 463 dele-

83 489 202 534 geret‚
227 483 401 522 consulta
419 496 502 522 sese
520 482 648 521 omnia
663 494 749 520 cum
767 481 831 520 illo
849 482 999 532 integra
1014 481 1167 527 habere,
1190 493 1268 520 neu
1284 480 1492 531 Iugurthae

82 539 249 590 legatum
266 539 570 590 pertimesceret,
589 568 597 576 .
609 568 617 576 .
632 568 640 576 .
657 568 664 576 .
683 550 759 589 quo
777 550 839 577 res
856 538 1060 577 conmunis
1072 537 1252 576 licentius
1269 542 1490 588 gereretur:

83 607 169 635 nam
194 595 238 634 ab
262 595 411 634 insidiis
433 595 515 634 eius
536 595 644 634 aliter
666 594 789 633 caveri
822 594 1052 645 nequivisse.
1092 593 1158 633 sed
1182 605 1252 644 ego
1283 593 1492 644 conperior
1514 599 1532 632 3

81 651 276 690 Bocchum
300 652 421 702 magis
442 651 588 691 Punica
608 650 681 689 fide
703 662 816 701 quam
840 651 888 688 ob
909 663 963 698 ea,
988 663 1084 701 quae
1104 649 1359 701 praedicabat,
1377 649 1491 688 simul

80 707 297 747 Romanum
330 714 367 747 et
394 707 594 746 Numidam
635 718 703 757 spe
734 706 839 757 pacis
879 706 1082 745 attinuisse
1118 706 1363 756 multumque
1403 718 1491 745 cum

80 764 208 803 animo
240 777 310 803 suo
343 764 491 803 volvere
512 763 689 810 solitum,
721 762 944 813 Iugurtham
966 762 1150 801 Romanis
1179 775 1226 801 an
1259 762 1314 800 illi
1345 762 1489 801 Sullam

80 820 268 863 traderet,
300 820 513 859 lubidinem
545 819 748 857 advorsum
770 831 863 866 nos,
895 825 1039 858 metum
1071 830 1142 870 pro
1166 818 1278 857 nobis
1309 819 1488 857 suasisse.

80 876 200 927 igitur
229 876 335 915 Sulla
365 875 566 927 respondit
596 887 718 926 pauca
750 887 878 913 coram
909 876 1054 926 Aspare
1084 874 1326 922 locuturum,
1364 881 1489 914 cetera
1512 877 1586 913 109

82 931 232 971 occulte
249 938 314 971 aut
334 932 440 971 nullo
457 938 522 972 aut
543 943 656 982 quam
678 930 934 982 paucissumis
955 931 1236 982 praesentibus.
1268 931 1382 970 simul
1399 931 1489 970 edo-

81 993 139 1027 cet
156 1000 253 1039 quae
270 988 341 1027 sibi
359 989 702 1039 responderentur.
733 993 939 1039 postquam
956 987 1069 1026 sicuti
1086 987 1257 1026 voluerat
1277 987 1489 1038 congressi,
1513 994 1532 1025 2

79 1044 171 1084 dicit
195 1057 235 1083 se
265 1044 427 1083 missum
456 1057 476 1083 a
508 1044 669 1083 consule
699 1043 849 1083 venisse
880 1044 1096 1095 quaesitum
1126 1043 1172 1081 ab
1204 1056 1248 1082 eo
1278 1056 1411 1095 paoem
1441 1056 1487 1082 an

78 1100 223 1139 bellum
244 1101 457 1151 agitaturus
479 1101 588 1139 foret.
649 1106 731 1139 tum
752 1112 840 1147 rex,
874 1099 930 1138 uti
951 1105 1200 1151 praeceptum
1223 1100 1369 1147 fuerat,
1402 1105 1489 1151 post
1513 1107 1531 1138 3

79 1156 178 1195 diem
201 1157 406 1196 decumum
437 1157 561 1196 redire
591 1156 698 1195 iubet
721 1168 764 1195 ac
794 1156 891 1195 nihil
920 1156 1033 1195 etiam
1067 1163 1145 1195 tum
1167 1156 1401 1202 decrevisse,
1424 1155 1490 1195 sed

80 1212 145 1251 illo
169 1213 229 1252 die
258 1225 554 1264 responsurum.
597 1212 734 1251 deinde
765 1212 875 1251 ambo
897 1212 936 1251 in
959 1225 1027 1251 sua
1056 1218 1178 1251 castra
1200 1212 1362 1264 digressi
1384 1217 1487 1251 sunt.

81 1269 149 1308 sed
179 1269 242 1308 ubi
264 1269 494 1320 plerumque
514 1269 639 1308 noctis
669 1268 878 1320 processit,
908 1269 1013 1308 Sulla
1034 1281 1053 1307 a
1082 1269 1236 1307 Boccho
1259 1268 1408 1307 occulte
1428 1280 1491 1308 ac·
1512 1275 1532 1308 4

80 1325 256 1364 cersitur.
286 1325 332 1364 ab
363 1330 530 1376 utroque
560 1330 706 1364 tantum
744 1325 860 1363 modo
889 1324 953 1363 fidi
984 1325 1217 1376 interpretes
1245 1325 1490 1372 adhibentur,

78 1387 275 1432 praeterea
298 1381 421 1420 Dabar
442 1381 727 1429 internuntius,
759 1386 917 1421 sanctus
940 1380 998 1419 vir
1018 1386 1057 1420 et
1079 1393 1124 1419 ex
1144 1380 1338 1420 sententia
1358 1380 1490 1419 ambo-

79 1437 166 1484 bus,
207 1450 250 1476 ac
271 1438 397 1477 statim
418 1438 474 1476 sic
495 1450 561 1476 rex
582 1437 730 1489 incipit.

185 1490 420 1545 ‘Numquam
443 1505 514 1544 ego
535 1498 641 1533 ratus
655 1505 739 1532 sum
757 1494 840 1532 fore
862 1493 916 1531 uti
939 1505 1005 1531 rex
1020 1504 1223 1532 maxumus
1240 1493 1278 1531 in
1300 1492 1372 1532 hac
1392 1498 1493 1532 terra
1515 1497 1586 1533 110

83 1555 120 1589 et
141 1550 334 1596 omnium,
357 1562 455 1600 quos
477 1549 578 1595 novi,
600 1550 747 1601 privato
769 1549 916 1588 homini
940 1548 1098 1600 gratiam
1120 1549 1313 1588 deberem.
1356 1554 1392 1588 et
1412 1561 1493 1588 me·
1516 1558 1535 1589 2

80 1605 252 1654 hercule,
269 1606 387 1653 Sulla,
410 1611 498 1645 ante
514 1612 551 1645 te
572 1605 773 1656 cognitum
788 1605 919 1644 multis
941 1605 1155 1650 orantibus,
1172 1605 1255 1644 aliis
1276 1605 1379 1644 ultro
1402 1617 1493 1656 ego-

79 1669 160 1702 met
180 1674 292 1714 opem
321 1662 412 1710 tuli,
436 1661 581 1701 nullius
603 1661 765 1713 indigui.
806 1662 842 1700 id
875 1661 1135 1709 inminutum,
1159 1661 1262 1712 quod
1285 1661 1401 1700 ceteri
1424 1662 1492 1700 do·
1518 1670 1536 1702 3

80 1718 160 1758 lere
178 1719 317 1766 solent,
336 1730 406 1769 ego
416 1719 551 1758 laetor.
591 1718 709 1757 fuerit
726 1718 819 1757 mihi
838 1718 991 1768 eguisse
1012 1717 1217 1768 aliquando
1227 1718 1396 1767 pretium
1407 1723 1495 1757 tuae

81 1774 282 1823 amicitiae,
296 1787 368 1826 qua
388 1775 490 1826 apud
508 1773 679 1814 animum
696 1785 826 1813 meum
837 1773 933 1812 nihil
951 1773 1077 1813 carius
1088 1773 1222 1812 habeo.
1264 1773 1302 1812 id
1318 1773 1411 1812 adeo
1429 1786 1494 1813 ex·
1519 1782 1538 1814 4

172 1898 187 1929 1
207 1895 303 1938 inpar
317 1898 467 1928 materno
492 1904 612 1937 genere
636 1905 655 1927 υ
671 1894 683 1938 ll
703 1898 797 1937 pater
811 1913 850 1918 --
862 1898 954 1927 ortus
972 1905 1052 1936 πυι,
1069 1898 1307 1927 mater—orta
1325 1895 1393 1935 (vel
1408 1896 1497 1934 nata)

80 1951 100 1972 z
115 1939 127 1984 ΙΙ
147 1942 166 1974 2
191 1939 323 1981 ingenia
343 1951 360 1971 υ
380 1938 392 1982 ΙΙ
409 1942 428 1972 4
447 1950 520 1972 sese
546 1943 579 1971 et
601 1950 633 1982 p.
651 1939 688 1972 R.
707 1950 773 1972 om.
790 1951 818 1972 π
834 1939 845 1983 ΙΙ
865 1942 884 1974 6
904 1939 1280 1982 neu—pertimesceret
1306 1950 1381 1982 sup.
1397 1940 1457 1972 lin.
1470 1951 1498 1973 π

80 1984 93 2028 ll
116 1984 270 2017 consulta
293 1995 331 2024 z,
357 1985 511 2017 consulto
537 1995 607 2017 rei-z
623 1983 635 2028 Η
663 1987 680 2016 ’1
708 1995 774 2027 quo
799 1995 888 2025 miz,
914 1995 985 2016 non
1009 1984 1100 2016 nulli
1123 1996 1168 2016 αι’
1192 1996 1210 2016 z
1235 1984 1328 2017 illum
1355 1985 1498 2017 accitum

82 2040 147 2072 quo
166 2029 411 2069 velsimt’liter5
436 2039 502 2071 quo
519 2032 650 2062 remoto
667 2029 774 2071 Kritz,
799 2033 879 2062 ante
903 2040 968 2072 quo
994 2029 1164 2062 eaeoz‘disse
1188 2030 1359 2071 quaedam
1376 2032 1501 2062 statuit

79 2075 221 2107 Dietsch
248 2074 259 2115 Η
285 2075 303 2107 8
330 2073 440 2107 caneri
463 2085 543 2116 avz,
569 2084 686 2107 cauere
712 2085 729 2106 z
747 2074 758 2116 ΙΙ
785 2085 851 2108 non
876 2084 976 2117 posse
1001 2076 1051 2115 (in
1076 2085 1188 2116 marg.
1214 2075 1420 2117 nequiuisse)
1447 2086 1463 2106 υ
1488 2073 1499 2117 ΙΙ

85 2121 123 2153 10
149 2119 321 2161 multaque
339 2129 366 2151 π
385 2117 397 2162 1]
418 2121 454 2152 13
481 2129 516 2152 se
538 2123 617 2161 post
631 2119 805 2162 respondit
830 2120 936 2160 (iubet
953 2120 993 2160 π)
1018 2122 1143 2152 inserit
1160 2131 1188 2160 υ,
1211 2123 1291 2162 post
1312 2130 1418 2162 pauca
1436 2120 1499 2152 alii

81 2175 126 2197 eoe
143 2175 172 2206 z,
197 2174 263 2196 om.
281 2163 357 2207 7751·ss
384 2166 419 2196 14
444 2168 499 2197 aut
525 2164 616 2197 nullo
642 2176 670 2203 z,
704 2168 760 2197 aut
786 2175 852 2198 om.
877 2175 946 2197 owz
966 2163 978 2208 ll
995 2165 1109 2207 paucis
1134 2175 1162 2198 π
1178 2164 1189 2208 Η
1215 2167 1248 2197 17
1277 2168 1356 2198 tunc
1380 2176 1407 2198 π
1423 2164 1434 2209 ΙΙ
1458 2167 1498 2199 18

80 2209 181 2243 etiam
205 2212 276 2242 tum
299 2220 329 2250 z,
355 2208 456 2241 etiam
481 2219 568 2241 nunc
596 2220 664 2243 πυτ.
685 2208 695 2252 [Ι
717 2211 755 2242 19
780 2220 839 2243 sua
869 2212 905 2241 ίη
932 2220 949 2240 v
974 2220 999 2241 S.
1020 2221 1046 2242 s.
1066 2208 1077 2252 ΙΙ
1095 2214 1173 2242 sunt
1195 2221 1274 2250 vnz,
1300 2220 1365 2242 om.
1390 2222 1408 2241 z
1428 2210 1497 2253 1120

79 2253 211 2287 occulte
236 2256 274 2285 in
298 2264 414 2295 marg.
439 2265 457 2285 v
477 2252 488 2296 Η
506 2255 547 2286 22
572 2254 658 2287 iurat
676 2258 759 2296 post
781 2254 948 2288 sententia
973 2257 1098 2286 inserit
1123 2266 1159 2295 υ,
1191 2255 1349 2296 idemque
1373 2258 1410 2287 in
1435 2255 1498 2287 ali-

80 2302 195 2341 quotz
221 2299 287 2338 (ita
308 2301 345 2331 in
358 2303 401 2339 π)
423 2308 490 2341 pro
509 2300 620 2331 verbis
635 2298 686 2331 uir
710 2303 743 2332 et
766 2301 915 2332 inlatum
933 2303 997 2331 aut
1013 2301 1120 2331 variis
1138 2300 1222 2331 Iocis
1238 2302 1406 2332 insertum
1423 2299 1434 2344 ll
1454 2302 1495 2334 23

79 2344 207 2386 incepit
231 2355 258 2376 π
274 2344 286 2386 1]
305 2346 349 2377 24
374 2354 451 2377 eore
474 2343 514 2383 V,
541 2346 699 2376 eorrem‘t
720 2354 846 2377 manus
869 2355 989 2377 recens
1004 2346 1016 2386 ss
1038 2348 1121 2377 terra
1142 2345 1203 2377 hac
1228 2356 1255 2377 π
1272 2344 1283 2388 ΙΙ
1303 2347 1343 2378 25
1370 2346 1497 2378 meher-

81 2389 155 2422 cule
177 2389 218 2430 V,
243 2388 376 2421 hercule
401 2400 491 2428 miz,
516 2389 622 2421 Prisc.
646 2389 710 2422 vol.
734 2390 771 2421 II
788 2387 989 2432 p.3231127
1016 2389 1142 2431 indigui
1172 2401 1252 2430 unz,
1285 2391 1390 2423 Prisc.
1415 2391 1435 2423 I.
1458 2401 1496 2431 e.,

80 2433 214 2475 indigus
235 2433 272 2465 V
284 2433 295 2473 ΙΙ
316 2433 350 2466 id
375 2443 448 2466 esse
472 2433 682 2466 imminutum
700 2445 730 2475 v,
754 2434 787 2466 id
812 2434 966 2467 nimirum
983 2445 1010 2467 π
1029 2432 1040 2477 ΙΙ
1058 2434 1167 2467 solent
1184 2434 1297 2467 dolere
1315 2447 1343 2468 π
1362 2435 1372 2474 ll
1397 2437 1439 2468 28
1464 2439 1497 2467 et

81 2478 181 2511 suerit
197 2476 252 2521 πΙΙ
272 2477 450 2521 aliquando
473 2477 605 2520 eguisse
629 2489 649 2510 v
675 2477 687 2522 ΙΙ
711 2479 890 2522 aliquando
917 2479 1060 2521 pretium
1086 2479 1188 2512 vaz
1222 2481 1329 2517 (recte
1352 2490 1498 2512 enm-ra-

83 2525 134 2556 vit
155 2522 270 2555 Madv.
294 2523 534 2565 Adv.2,291),
558 2523 700 2565 pretium
726 2523 905 2567 aliquando
932 2524 985 2555 vel
1007 2534 1072 2556 om.
1090 2524 1232 2566 pretium
1254 2536 1271 2555 :-
1291 2523 1362 2568 1129
1387 2534 1496 2557 meum

83 2568 229 2601 animum
255 2567 287 2600 V
304 2566 316 2611 ΙΙ
331 2568 440 2601 habeo
466 2579 546 2610 vnz,
571 2572 621 2601 est
647 2567 681 2600 V
