<?xml version="1.0" encoding="UTF-8"?>
<!DOCTYPE html PUBLIC "-//W3C//DTD XHTML 1.0 Transitional//EN"
    "http://www.w3.org/TR/xhtml1/DTD/xhtml1-transitional.dtd">
<html xmlns="http://www.w3.org/1999/xhtml" xml:lang="en" lang="en">
 <head>
  <title>
</title>
<meta http-equiv="Content-Type" content="text/html;charset=utf-8" />
  <meta name='ocr-system' content='tesseract 3.04.00' />
  <meta name='ocr-capabilities' content='ocr_page ocr_carea ocr_par ocr_line ocrx_word'/>
</head>
<body>
  <div class='ocr_page' id='page_1' title='image "./catilinajugurtha00salluoft/catilinajugurtha00salluoft_0018.png"; bbox 0 0 1709 2885; ppageno 0'>
   <div class='ocr_carea' id='block_1_1' title="bbox 131 92 1216 127">
    <p class='ocr_par' dir='ltr' id='par_1_1' title="bbox 131 92 1216 127">
     <span class='ocr_line' id='line_1_1' title="bbox 131 92 1216 127; baseline 0 -1"><span class='ocrx_word' id='word_1_1' title='bbox 131 103 177 126; x_wconf 82' lang='lat' dir='ltr'>xn</span> <span class='ocrx_word' id='word_1_2' title='bbox 479 92 722 127; x_wconf 75' lang='lat' dir='ltr'>PRAEFATIO</span> <span class='ocrx_word' id='word_1_3' title='bbox 748 92 960 126; x_wconf 86' lang='lat' dir='ltr'>EDlTlONlS</span> <span class='ocrx_word' id='word_1_4' title='bbox 984 92 1216 127; x_wconf 86' lang='lat' dir='ltr'>SECUNDAE.</span> 
     </span>
    </p>
   </div>
   <div class='ocr_carea' id='block_1_2' title="bbox 128 195 1556 2615">
    <p class='ocr_par' dir='ltr' id='par_1_2' title="bbox 128 195 1556 2615">
     <span class='ocr_line' id='line_1_2' title="bbox 130 195 1552 248; baseline 0 -12"><span class='ocrx_word' id='word_1_5' title='bbox 130 197 275 236; x_wconf 89' lang='lat' dir='ltr'>tionem</span> <span class='ocrx_word' id='word_1_6' title='bbox 308 197 477 247; x_wconf 82' lang='lat' dir='ltr'>priorem</span> <span class='ocrx_word' id='word_1_7' title='bbox 510 195 621 235; x_wconf 85' lang='lat' dir='ltr'>facile</span> <span class='ocrx_word' id='word_1_8' title='bbox 652 201 823 247; x_wconf 88' lang='lat' dir='ltr'>apparet.</span> <span class='ocrx_word' id='word_1_9' title='bbox 885 207 980 247; x_wconf 89' lang='lat' dir='ltr'>quas</span> <span class='ocrx_word' id='word_1_10' title='bbox 1001 196 1194 235; x_wconf 88' lang='lat' dir='ltr'>suasorias</span> <span class='ocrx_word' id='word_1_11' title='bbox 1216 195 1283 247; x_wconf 88' lang='lat' dir='ltr'>qui</span> <span class='ocrx_word' id='word_1_12' title='bbox 1305 196 1552 248; x_wconf 85' lang='lat' dir='ltr'>conscripsit,</span> 
     </span>
     <span class='ocr_line' id='line_1_3' title="bbox 132 251 1553 304; baseline 0 -12"><span class='ocrx_word' id='word_1_13' title='bbox 132 253 236 304; x_wconf 87' lang='lat' dir='ltr'>quod</span> <span class='ocrx_word' id='word_1_14' title='bbox 270 254 369 291; x_wconf 86' lang='lat' dir='ltr'>inter</span> <span class='ocrx_word' id='word_1_15' title='bbox 392 252 617 303; x_wconf 81' lang='lat' dir='ltr'>Vespasiani</span> <span class='ocrx_word' id='word_1_16' title='bbox 649 258 685 291; x_wconf 89' lang='lat' dir='ltr'>et</span> <span class='ocrx_word' id='word_1_17' title='bbox 707 251 892 290; x_wconf 86' lang='lat' dir='ltr'>Hadriani</span> <span class='ocrx_word' id='word_1_18' title='bbox 925 257 1098 303; x_wconf 89' lang='lat' dir='ltr'>tempora</span> <span class='ocrx_word' id='word_1_19' title='bbox 1119 252 1271 291; x_wconf 87' lang='lat' dir='ltr'>videtur</span> <span class='ocrx_word' id='word_1_20' title='bbox 1290 253 1431 292; x_wconf 83' lang='lat' dir='ltr'>sactum</span> <span class='ocrx_word' id='word_1_21' title='bbox 1454 265 1553 300; x_wconf 87' lang='lat' dir='ltr'>esse,</span> 
     </span>
     <span class='ocr_line' id='line_1_4' title="bbox 132 308 1553 359; baseline -0.001 -11"><span class='ocrx_word' id='word_1_22' title='bbox 132 322 219 349; x_wconf 87' lang='lat' dir='ltr'>eum</span> <span class='ocrx_word' id='word_1_23' title='bbox 253 321 320 347; x_wconf 89' lang='lat' dir='ltr'>sua</span> <span class='ocrx_word' id='word_1_24' title='bbox 352 320 424 359; x_wconf 90' lang='lat' dir='ltr'>pro</span> <span class='ocrx_word' id='word_1_25' title='bbox 456 308 700 347; x_wconf 88' lang='lat' dir='ltr'>Sallustianis</span> <span class='ocrx_word' id='word_1_26' title='bbox 731 308 897 346; x_wconf 85' lang='lat' dir='ltr'>voluisse</span> <span class='ocrx_word' id='word_1_27' title='bbox 928 308 1126 348; x_wconf 86' lang='lat' dir='ltr'>venditare</span> <span class='ocrx_word' id='word_1_28' title='bbox 1158 321 1236 347; x_wconf 89' lang='lat' dir='ltr'>non</span> <span class='ocrx_word' id='word_1_29' title='bbox 1278 314 1447 358; x_wconf 86' lang='lat' dir='ltr'>constat,</span> <span class='ocrx_word' id='word_1_30' title='bbox 1487 321 1553 347; x_wconf 89' lang='lat' dir='ltr'>vo-</span> 
     </span>
     <span class='ocr_line' id='line_1_5' title="bbox 129 364 1552 416; baseline 0 -12"><span class='ocrx_word' id='word_1_31' title='bbox 129 366 249 404; x_wconf 85' lang='lat' dir='ltr'>luisse</span> <span class='ocrx_word' id='word_1_32' title='bbox 280 365 506 404; x_wconf 76' lang='lat' dir='ltr'>Sallustium</span> <span class='ocrx_word' id='word_1_33' title='bbox 538 365 685 414; x_wconf 83' lang='lat' dir='ltr'>fingere</span> <span class='ocrx_word' id='word_1_34' title='bbox 717 370 923 415; x_wconf 88' lang='lat' dir='ltr'>praecepta</span> <span class='ocrx_word' id='word_1_35' title='bbox 954 365 1177 416; x_wconf 86' lang='lat' dir='ltr'>imperatori</span> <span class='ocrx_word' id='word_1_36' title='bbox 1220 364 1265 403; x_wconf 89' lang='lat' dir='ltr'>de</span> <span class='ocrx_word' id='word_1_37' title='bbox 1305 377 1454 404; x_wconf 89' lang='lat' dir='ltr'>summa</span> <span class='ocrx_word' id='word_1_38' title='bbox 1494 377 1552 404; x_wconf 85' lang='lat' dir='ltr'>re-</span> 
     </span>
     <span class='ocr_line' id='line_1_6' title="bbox 131 420 1551 473; baseline 0 -13"><span class='ocrx_word' id='word_1_39' title='bbox 131 420 285 473; x_wconf 83' lang='lat' dir='ltr'>publica</span> <span class='ocrx_word' id='word_1_40' title='bbox 303 421 457 460; x_wconf 79' lang='lat' dir='ltr'>dantem</span> <span class='ocrx_word' id='word_1_41' title='bbox 479 420 673 459; x_wconf 88' lang='lat' dir='ltr'>sermonis</span> <span class='ocrx_word' id='word_1_42' title='bbox 694 420 856 460; x_wconf 82' lang='lat' dir='ltr'>imitatio</span> <span class='ocrx_word' id='word_1_43' title='bbox 878 420 1112 471; x_wconf 77' lang='lat' dir='ltr'>aliquotiens</span> <span class='ocrx_word' id='word_1_44' title='bbox 1128 420 1395 460; x_wconf 81' lang='lat' dir='ltr'>infelicissimo</span> <span class='ocrx_word' id='word_1_45' title='bbox 1414 426 1551 461; x_wconf 81' lang='lat' dir='ltr'>eventu</span> 
     </span>
     <span class='ocr_line' id='line_1_7' title="bbox 131 476 1553 528; baseline 0.001 -12"><span class='ocrx_word' id='word_1_46' title='bbox 131 478 198 517; x_wconf 89' lang='lat' dir='ltr'>sed</span> <span class='ocrx_word' id='word_1_47' title='bbox 229 478 361 517; x_wconf 88' lang='lat' dir='ltr'>eadem</span> <span class='ocrx_word' id='word_1_48' title='bbox 393 477 542 516; x_wconf 86' lang='lat' dir='ltr'>ratione</span> <span class='ocrx_word' id='word_1_49' title='bbox 564 478 603 515; x_wconf 90' lang='lat' dir='ltr'>in</span> <span class='ocrx_word' id='word_1_50' title='bbox 629 482 794 527; x_wconf 84' lang='lat' dir='ltr'>utroque</span> <span class='ocrx_word' id='word_1_51' title='bbox 817 476 915 515; x_wconf 92' lang='lat' dir='ltr'>libro</span> <span class='ocrx_word' id='word_1_52' title='bbox 939 478 1035 516; x_wconf 84' lang='lat' dir='ltr'>sacta</span> <span class='ocrx_word' id='word_1_53' title='bbox 1057 477 1195 527; x_wconf 81' lang='lat' dir='ltr'>arguit,</span> <span class='ocrx_word' id='word_1_54' title='bbox 1230 484 1269 516; x_wconf 93' lang='lat' dir='ltr'>ut</span> <span class='ocrx_word' id='word_1_55' title='bbox 1297 478 1553 528; x_wconf 84' lang='lat' dir='ltr'>supersedere</span> 
     </span>
     <span class='ocr_line' id='line_1_8' title="bbox 130 533 1553 585; baseline 0.001 -13"><span class='ocrx_word' id='word_1_56' title='bbox 130 534 258 585; x_wconf 90' lang='lat' dir='ltr'>possis</span> <span class='ocrx_word' id='word_1_57' title='bbox 289 546 425 573; x_wconf 90' lang='lat' dir='ltr'>eorum</span> <span class='ocrx_word' id='word_1_58' title='bbox 457 533 738 584; x_wconf 78' lang='lat' dir='ltr'>scriptionibus</span> <span class='ocrx_word' id='word_1_59' title='bbox 770 533 986 572; x_wconf 80' lang='lat' dir='ltr'>lectitandis</span> <span class='ocrx_word' id='word_1_60' title='bbox 1018 534 1083 584; x_wconf 88' lang='lat' dir='ltr'>qui</span> <span class='ocrx_word' id='word_1_61' title='bbox 1114 541 1244 572; x_wconf 86' lang='lat' dir='ltr'>utrum</span> <span class='ocrx_word' id='word_1_62' title='bbox 1274 533 1443 573; x_wconf 82' lang='lat' dir='ltr'>Sallustii</span> <span class='ocrx_word' id='word_1_63' title='bbox 1475 534 1553 573; x_wconf 88' lang='lat' dir='ltr'>sint</span> 
     </span>
     <span class='ocr_line' id='line_1_9' title="bbox 130 589 1551 632; baseline 0.001 -4"><span class='ocrx_word' id='word_1_64' title='bbox 130 590 194 629; x_wconf 91' lang='lat' dir='ltr'>illa</span> <span class='ocrx_word' id='word_1_65' title='bbox 227 602 351 629; x_wconf 87' lang='lat' dir='ltr'>necne</span> <span class='ocrx_word' id='word_1_66' title='bbox 384 596 420 629; x_wconf 89' lang='lat' dir='ltr'>et</span> <span class='ocrx_word' id='word_1_67' title='bbox 452 590 482 628; x_wconf 89' lang='lat' dir='ltr'>si</span> <span class='ocrx_word' id='word_1_68' title='bbox 515 602 593 628; x_wconf 93' lang='lat' dir='ltr'>non</span> <span class='ocrx_word' id='word_1_69' title='bbox 627 589 705 627; x_wconf 86' lang='lat' dir='ltr'>sint</span> <span class='ocrx_word' id='word_1_70' title='bbox 735 597 865 628; x_wconf 89' lang='lat' dir='ltr'>utrum</span> <span class='ocrx_word' id='word_1_71' title='bbox 897 601 917 628; x_wconf 93' lang='lat' dir='ltr'>a</span> <span class='ocrx_word' id='word_1_72' title='bbox 949 590 1102 629; x_wconf 88' lang='lat' dir='ltr'>duobus</span> <span class='ocrx_word' id='word_1_73' title='bbox 1127 603 1179 632; x_wconf 72' lang='lat' dir='ltr'>‚an</span> <span class='ocrx_word' id='word_1_74' title='bbox 1213 590 1258 628; x_wconf 88' lang='lat' dir='ltr'>ab</span> <span class='ocrx_word' id='word_1_75' title='bbox 1285 602 1364 629; x_wconf 89' lang='lat' dir='ltr'>uno</span> <span class='ocrx_word' id='word_1_76' title='bbox 1395 591 1551 629; x_wconf 83' lang='lat' dir='ltr'>rhetore</span> 
     </span>
     <span class='ocr_line' id='line_1_10' title="bbox 131 645 1552 697; baseline 0 -12"><span class='ocrx_word' id='word_1_77' title='bbox 131 646 376 697; x_wconf 81' lang='lat' dir='ltr'>conscriptae</span> <span class='ocrx_word' id='word_1_78' title='bbox 408 658 515 685; x_wconf 89' lang='lat' dir='ltr'>nunc</span> <span class='ocrx_word' id='word_1_79' title='bbox 547 658 704 697; x_wconf 85' lang='lat' dir='ltr'>quoque</span> <span class='ocrx_word' id='word_1_80' title='bbox 736 645 963 697; x_wconf 85' lang='lat' dir='ltr'>disceptant.</span> <span class='ocrx_word' id='word_1_81' title='bbox 1013 646 1073 685; x_wconf 89' lang='lat' dir='ltr'>his</span> <span class='ocrx_word' id='word_1_82' title='bbox 1093 646 1279 685; x_wconf 78' lang='lat' dir='ltr'>suasoriis</span> <span class='ocrx_word' id='word_1_83' title='bbox 1305 646 1432 685; x_wconf 88' lang='lat' dir='ltr'>addidi</span> <span class='ocrx_word' id='word_1_84' title='bbox 1462 647 1552 685; x_wconf 85' lang='lat' dir='ltr'>rhe-</span> 
     </span>
     <span class='ocr_line' id='line_1_11' title="bbox 130 701 1552 754; baseline 0 -13"><span class='ocrx_word' id='word_1_85' title='bbox 130 703 226 741; x_wconf 85' lang='lat' dir='ltr'>toris</span> <span class='ocrx_word' id='word_1_86' title='bbox 267 702 405 741; x_wconf 83' lang='lat' dir='ltr'>incerti</span> <span class='ocrx_word' id='word_1_87' title='bbox 445 702 666 741; x_wconf 47' lang='lat' dir='ltr'>lxvsscrivlis</span> <span class='ocrx_word' id='word_1_88' title='bbox 698 701 897 741; x_wconf 68' lang='lat' dir='ltr'>SALLUSTu</span> <span class='ocrx_word' id='word_1_89' title='bbox 936 715 983 741; x_wconf 85' lang='lat' dir='ltr'>ET</span> <span class='ocrx_word' id='word_1_90' title='bbox 1021 702 1221 742; x_wconf 66' lang='lat' dir='ltr'>Cicssnoms</span> <span class='ocrx_word' id='word_1_91' title='bbox 1262 703 1443 754; x_wconf 82' lang='lat' dir='ltr'>personis</span> <span class='ocrx_word' id='word_1_92' title='bbox 1482 702 1552 741; x_wconf 88' lang='lat' dir='ltr'>tri-</span> 
     </span>
     <span class='ocr_line' id='line_1_12' title="bbox 130 758 1552 809; baseline 0 -12"><span class='ocrx_word' id='word_1_93' title='bbox 130 758 255 805; x_wconf 81' lang='lat' dir='ltr'>butas,</span> <span class='ocrx_word' id='word_1_94' title='bbox 290 770 384 809; x_wconf 90' lang='lat' dir='ltr'>quas</span> <span class='ocrx_word' id='word_1_95' title='bbox 416 759 496 797; x_wconf 91' lang='lat' dir='ltr'>scio</span> <span class='ocrx_word' id='word_1_96' title='bbox 530 758 814 797; x_wconf 87' lang='lat' dir='ltr'>controversias</span> <span class='ocrx_word' id='word_1_97' title='bbox 846 758 920 797; x_wconf 89' lang='lat' dir='ltr'>dici</span> <span class='ocrx_word' id='word_1_98' title='bbox 952 771 1030 797; x_wconf 90' lang='lat' dir='ltr'>non</span> <span class='ocrx_word' id='word_1_99' title='bbox 1064 771 1179 809; x_wconf 86' lang='lat' dir='ltr'>posse</span> <span class='ocrx_word' id='word_1_100' title='bbox 1209 759 1330 798; x_wconf 85' lang='lat' dir='ltr'>iustas</span> <span class='ocrx_word' id='word_1_101' title='bbox 1363 771 1407 797; x_wconf 86' lang='lat' dir='ltr'>eo</span> <span class='ocrx_word' id='word_1_102' title='bbox 1431 759 1552 807; x_wconf 77' lang='lat' dir='ltr'>signi-</span> 
     </span>
     <span class='ocr_line' id='line_1_13' title="bbox 130 815 1552 866; baseline 0.001 -13"><span class='ocrx_word' id='word_1_103' title='bbox 130 816 243 854; x_wconf 84' lang='lat' dir='ltr'>ficatu</span> <span class='ocrx_word' id='word_1_104' title='bbox 285 827 364 865; x_wconf 89' lang='lat' dir='ltr'>quo</span> <span class='ocrx_word' id='word_1_105' title='bbox 400 815 509 853; x_wconf 84' lang='lat' dir='ltr'>fuere</span> <span class='ocrx_word' id='word_1_106' title='bbox 540 815 740 854; x_wconf 84' lang='lat' dir='ltr'>rhetorum</span> <span class='ocrx_word' id='word_1_107' title='bbox 782 815 1067 854; x_wconf 85' lang='lat' dir='ltr'>controversiae</span> <span class='ocrx_word' id='word_1_108' title='bbox 1104 828 1124 854; x_wconf 90' lang='lat' dir='ltr'>a</span> <span class='ocrx_word' id='word_1_109' title='bbox 1158 815 1306 854; x_wconf 69' lang='lat' dir='ltr'>Seneca</span> <span class='ocrx_word' id='word_1_110' title='bbox 1348 821 1455 866; x_wconf 86' lang='lat' dir='ltr'>patre</span> <span class='ocrx_word' id='word_1_111' title='bbox 1490 828 1552 854; x_wconf 86' lang='lat' dir='ltr'>re-</span> 
     </span>
     <span class='ocr_line' id='line_1_14' title="bbox 130 871 1553 922; baseline -0.001 -12"><span class='ocrx_word' id='word_1_112' title='bbox 130 871 239 910; x_wconf 88' lang='lat' dir='ltr'>latae.</span> <span class='ocrx_word' id='word_1_113' title='bbox 301 872 368 910; x_wconf 87' lang='lat' dir='ltr'>has</span> <span class='ocrx_word' id='word_1_114' title='bbox 409 883 567 922; x_wconf 87' lang='lat' dir='ltr'>quoque</span> <span class='ocrx_word' id='word_1_115' title='bbox 607 871 685 910; x_wconf 84' lang='lat' dir='ltr'>sive</span> <span class='ocrx_word' id='word_1_116' title='bbox 726 871 933 910; x_wconf 80' lang='lat' dir='ltr'>invectivas</span> <span class='ocrx_word' id='word_1_117' title='bbox 972 871 1051 910; x_wconf 87' lang='lat' dir='ltr'>sive</span> <span class='ocrx_word' id='word_1_118' title='bbox 1090 873 1375 910; x_wconf 72' lang='lat' dir='ltr'>controversias</span> <span class='ocrx_word' id='word_1_119' title='bbox 1412 871 1553 910; x_wconf 82' lang='lat' dir='ltr'>dixeris</span> 
     </span>
     <span class='ocr_line' id='line_1_15' title="bbox 131 927 1553 978; baseline 0 -13"><span class='ocrx_word' id='word_1_120' title='bbox 131 933 334 978; x_wconf 90' lang='lat' dir='ltr'>utramque</span> <span class='ocrx_word' id='word_1_121' title='bbox 365 927 410 966; x_wconf 87' lang='lat' dir='ltr'>ab</span> <span class='ocrx_word' id='word_1_122' title='bbox 443 928 577 966; x_wconf 89' lang='lat' dir='ltr'>eodem</span> <span class='ocrx_word' id='word_1_123' title='bbox 609 928 765 966; x_wconf 87' lang='lat' dir='ltr'>rhetore</span> <span class='ocrx_word' id='word_1_124' title='bbox 799 927 1033 978; x_wconf 87' lang='lat' dir='ltr'>compositas</span> <span class='ocrx_word' id='word_1_125' title='bbox 1063 940 1147 966; x_wconf 87' lang='lat' dir='ltr'>esse</span> <span class='ocrx_word' id='word_1_126' title='bbox 1178 928 1359 967; x_wconf 85' lang='lat' dir='ltr'>evincunt</span> <span class='ocrx_word' id='word_1_127' title='bbox 1394 933 1553 967; x_wconf 82' lang='lat' dir='ltr'>senten-</span> 
     </span>
     <span class='ocr_line' id='line_1_16' title="bbox 129 983 1553 1036; baseline -0.001 -13"><span class='ocrx_word' id='word_1_128' title='bbox 129 984 270 1023; x_wconf 89' lang='lat' dir='ltr'>tiarum</span> <span class='ocrx_word' id='word_1_129' title='bbox 303 984 472 1035; x_wconf 82' lang='lat' dir='ltr'>ineptiae</span> <span class='ocrx_word' id='word_1_130' title='bbox 504 984 542 1022; x_wconf 93' lang='lat' dir='ltr'>in</span> <span class='ocrx_word' id='word_1_131' title='bbox 576 989 739 1034; x_wconf 83' lang='lat' dir='ltr'>utraque</span> <span class='ocrx_word' id='word_1_132' title='bbox 771 983 1005 1030; x_wconf 72' lang='lat' dir='ltr'>consimiles,</span> <span class='ocrx_word' id='word_1_133' title='bbox 1043 984 1172 1023; x_wconf 81' lang='lat' dir='ltr'>eadem</span> <span class='ocrx_word' id='word_1_134' title='bbox 1204 985 1242 1022; x_wconf 87' lang='lat' dir='ltr'>in</span> <span class='ocrx_word' id='word_1_135' title='bbox 1275 984 1553 1036; x_wconf 82' lang='lat' dir='ltr'>detorquendis</span> 
     </span>
     <span class='ocr_line' id='line_1_17' title="bbox 129 1039 1553 1091; baseline 0 -13"><span class='ocrx_word' id='word_1_136' title='bbox 129 1040 320 1079; x_wconf 86' lang='lat' dir='ltr'>Tullianis</span> <span class='ocrx_word' id='word_1_137' title='bbox 351 1039 477 1078; x_wconf 87' lang='lat' dir='ltr'>verbis</span> <span class='ocrx_word' id='word_1_138' title='bbox 508 1041 761 1090; x_wconf 85' lang='lat' dir='ltr'>perversitas,</span> <span class='ocrx_word' id='word_1_139' title='bbox 802 1040 1014 1091; x_wconf 83' lang='lat' dir='ltr'>aequabilis</span> <span class='ocrx_word' id='word_1_140' title='bbox 1045 1041 1238 1079; x_wconf 87' lang='lat' dir='ltr'>sermonis</span> <span class='ocrx_word' id='word_1_141' title='bbox 1270 1040 1412 1091; x_wconf 87' lang='lat' dir='ltr'>impuri</span> <span class='ocrx_word' id='word_1_142' title='bbox 1445 1040 1553 1079; x_wconf 85' lang='lat' dir='ltr'>habi-</span> 
     </span>
     <span class='ocr_line' id='line_1_18' title="bbox 129 1096 1554 1147; baseline 0 -12"><span class='ocrx_word' id='word_1_143' title='bbox 129 1101 212 1142; x_wconf 85' lang='lat' dir='ltr'>tus,</span> <span class='ocrx_word' id='word_1_144' title='bbox 245 1097 284 1135; x_wconf 88' lang='lat' dir='ltr'>in</span> <span class='ocrx_word' id='word_1_145' title='bbox 316 1096 433 1135; x_wconf 86' lang='lat' dir='ltr'>rebus</span> <span class='ocrx_word' id='word_1_146' title='bbox 464 1096 672 1135; x_wconf 82' lang='lat' dir='ltr'>tractandis</span> <span class='ocrx_word' id='word_1_147' title='bbox 704 1097 781 1135; x_wconf 89' lang='lat' dir='ltr'>sive</span> <span class='ocrx_word' id='word_1_148' title='bbox 813 1096 944 1147; x_wconf 87' lang='lat' dir='ltr'>potius</span> <span class='ocrx_word' id='word_1_149' title='bbox 976 1097 1242 1147; x_wconf 80' lang='lat' dir='ltr'>pervertendis</span> <span class='ocrx_word' id='word_1_150' title='bbox 1273 1097 1413 1135; x_wconf 86' lang='lat' dir='ltr'>malitia</span> <span class='ocrx_word' id='word_1_151' title='bbox 1445 1102 1554 1135; x_wconf 89' lang='lat' dir='ltr'>utro-</span> 
     </span>
     <span class='ocr_line' id='line_1_19' title="bbox 129 1152 1552 1204; baseline -0.001 -13"><span class='ocrx_word' id='word_1_152' title='bbox 129 1152 247 1203; x_wconf 85' lang='lat' dir='ltr'>bique</span> <span class='ocrx_word' id='word_1_153' title='bbox 278 1152 439 1191; x_wconf 87' lang='lat' dir='ltr'>ridicula</span> <span class='ocrx_word' id='word_1_154' title='bbox 480 1153 691 1203; x_wconf 86' lang='lat' dir='ltr'>eademque</span> <span class='ocrx_word' id='word_1_155' title='bbox 731 1159 885 1204; x_wconf 86' lang='lat' dir='ltr'>praeter</span> <span class='ocrx_word' id='word_1_156' title='bbox 923 1153 1155 1203; x_wconf 85' lang='lat' dir='ltr'>paucissima</span> <span class='ocrx_word' id='word_1_157' title='bbox 1188 1153 1373 1203; x_wconf 80' lang='lat' dir='ltr'>quaedam</span> <span class='ocrx_word' id='word_1_158' title='bbox 1404 1164 1552 1192; x_wconf 88' lang='lat' dir='ltr'>summa</span> 
     </span>
     <span class='ocr_line' id='line_1_20' title="bbox 130 1208 1553 1260; baseline 0 -13"><span class='ocrx_word' id='word_1_159' title='bbox 130 1209 279 1248; x_wconf 81' lang='lat' dir='ltr'>exilitas</span> <span class='ocrx_word' id='word_1_160' title='bbox 310 1215 425 1260; x_wconf 88' lang='lat' dir='ltr'>atque</span> <span class='ocrx_word' id='word_1_161' title='bbox 464 1209 558 1248; x_wconf 91' lang='lat' dir='ltr'>adeo</span> <span class='ocrx_word' id='word_1_162' title='bbox 598 1221 752 1248; x_wconf 89' lang='lat' dir='ltr'>errores</span> <span class='ocrx_word' id='word_1_163' title='bbox 793 1222 871 1248; x_wconf 93' lang='lat' dir='ltr'>non</span> <span class='ocrx_word' id='word_1_164' title='bbox 913 1209 1009 1247; x_wconf 89' lang='lat' dir='ltr'>nulli</span> <span class='ocrx_word' id='word_1_165' title='bbox 1050 1208 1234 1259; x_wconf 86' lang='lat' dir='ltr'>pueriles.</span> <span class='ocrx_word' id='word_1_166' title='bbox 1296 1221 1393 1259; x_wconf 88' lang='lat' dir='ltr'>quae</span> <span class='ocrx_word' id='word_1_167' title='bbox 1425 1209 1553 1247; x_wconf 89' lang='lat' dir='ltr'>omnia</span> 
     </span>
     <span class='ocr_line' id='line_1_21' title="bbox 128 1264 1554 1316; baseline 0 -13"><span class='ocrx_word' id='word_1_168' title='bbox 128 1265 226 1304; x_wconf 90' lang='lat' dir='ltr'>velle</span> <span class='ocrx_word' id='word_1_169' title='bbox 258 1265 395 1304; x_wconf 87' lang='lat' dir='ltr'>tollere</span> <span class='ocrx_word' id='word_1_170' title='bbox 426 1265 681 1304; x_wconf 87' lang='lat' dir='ltr'>coniectando</span> <span class='ocrx_word' id='word_1_171' title='bbox 713 1278 801 1303; x_wconf 90' lang='lat' dir='ltr'>cum</span> <span class='ocrx_word' id='word_1_172' title='bbox 831 1265 880 1303; x_wconf 87' lang='lat' dir='ltr'>sit</span> <span class='ocrx_word' id='word_1_173' title='bbox 912 1265 1047 1316; x_wconf 86' lang='lat' dir='ltr'>inepti,</span> <span class='ocrx_word' id='word_1_174' title='bbox 1084 1277 1176 1303; x_wconf 88' lang='lat' dir='ltr'>sane</span> <span class='ocrx_word' id='word_1_175' title='bbox 1208 1265 1359 1303; x_wconf 89' lang='lat' dir='ltr'>mireris</span> <span class='ocrx_word' id='word_1_176' title='bbox 1390 1265 1427 1304; x_wconf 92' lang='lat' dir='ltr'>id</span> <span class='ocrx_word' id='word_1_177' title='bbox 1450 1264 1554 1316; x_wconf 88' lang='lat' dir='ltr'>quod</span> 
     </span>
     <span class='ocr_line' id='line_1_22' title="bbox 130 1320 1553 1372; baseline 0.001 -13"><span class='ocrx_word' id='word_1_178' title='bbox 130 1333 237 1360; x_wconf 92' lang='lat' dir='ltr'>nunc</span> <span class='ocrx_word' id='word_1_179' title='bbox 268 1327 421 1360; x_wconf 84' lang='lat' dir='ltr'>constat</span> <span class='ocrx_word' id='word_1_180' title='bbox 451 1320 590 1359; x_wconf 88' lang='lat' dir='ltr'>Halmii</span> <span class='ocrx_word' id='word_1_181' title='bbox 624 1321 919 1360; x_wconf 86' lang='lat' dir='ltr'>ratiocinatione</span> <span class='ocrx_word' id='word_1_182' title='bbox 950 1321 1125 1372; x_wconf 84' lang='lat' dir='ltr'>potuisse</span> <span class='ocrx_word' id='word_1_183' title='bbox 1156 1320 1240 1360; x_wconf 86' lang='lat' dir='ltr'>eius</span> <span class='ocrx_word' id='word_1_184' title='bbox 1271 1321 1418 1360; x_wconf 80' lang='lat' dir='ltr'>farinae</span> <span class='ocrx_word' id='word_1_185' title='bbox 1449 1333 1553 1360; x_wconf 92' lang='lat' dir='ltr'>com-</span> 
     </span>
     <span class='ocr_line' id='line_1_23' title="bbox 129 1376 1552 1429; baseline 0.001 -13"><span class='ocrx_word' id='word_1_186' title='bbox 129 1382 258 1416; x_wconf 90' lang='lat' dir='ltr'>menta</span> <span class='ocrx_word' id='word_1_187' title='bbox 292 1383 328 1415; x_wconf 87' lang='lat' dir='ltr'>et</span> <span class='ocrx_word' id='word_1_188' title='bbox 359 1376 475 1416; x_wconf 82' lang='lat' dir='ltr'>scribi</span> <span class='ocrx_word' id='word_1_189' title='bbox 507 1382 596 1416; x_wconf 89' lang='lat' dir='ltr'>ante</span> <span class='ocrx_word' id='word_1_190' title='bbox 627 1377 911 1423; x_wconf 86' lang='lat' dir='ltr'>Quintilianum</span> <span class='ocrx_word' id='word_1_191' title='bbox 944 1400 998 1405; x_wconf 91' lang='lat'>—</span> <span class='ocrx_word' id='word_1_192' title='bbox 1029 1378 1172 1428; x_wconf 88' lang='lat' dir='ltr'>scripta</span> <span class='ocrx_word' id='word_1_193' title='bbox 1203 1382 1330 1417; x_wconf 87' lang='lat' dir='ltr'>autem</span> <span class='ocrx_word' id='word_1_194' title='bbox 1363 1389 1448 1417; x_wconf 87' lang='lat' dir='ltr'>esse</span> <span class='ocrx_word' id='word_1_195' title='bbox 1478 1390 1552 1429; x_wconf 90' lang='lat' dir='ltr'>pu-</span> 
     </span>
     <span class='ocr_line' id='line_1_24' title="bbox 129 1433 1554 1485; baseline 0.001 -13"><span class='ocrx_word' id='word_1_196' title='bbox 129 1434 287 1472; x_wconf 89' lang='lat' dir='ltr'>taverim</span> <span class='ocrx_word' id='word_1_197' title='bbox 319 1446 339 1473; x_wconf 84' lang='lat' dir='ltr'>a</span> <span class='ocrx_word' id='word_1_198' title='bbox 368 1434 526 1472; x_wconf 89' lang='lat' dir='ltr'>rhetore</span> <span class='ocrx_word' id='word_1_199' title='bbox 557 1433 718 1473; x_wconf 87' lang='lat' dir='ltr'>Romam</span> <span class='ocrx_word' id='word_1_200' title='bbox 751 1447 771 1473; x_wconf 88' lang='lat' dir='ltr'>e</span> <span class='ocrx_word' id='word_1_201' title='bbox 802 1434 1000 1485; x_wconf 82' lang='lat' dir='ltr'>provincia</span> <span class='ocrx_word' id='word_1_202' title='bbox 1031 1434 1189 1473; x_wconf 89' lang='lat' dir='ltr'>advecto</span> <span class='ocrx_word' id='word_1_203' title='bbox 1222 1434 1440 1485; x_wconf 83' lang='lat' dir='ltr'>urbanique</span> <span class='ocrx_word' id='word_1_204' title='bbox 1471 1446 1554 1473; x_wconf 85' lang='lat' dir='ltr'>ser-</span> 
     </span>
     <span class='ocr_line' id='line_1_25' title="bbox 129 1490 1554 1541; baseline 0.001 -13"><span class='ocrx_word' id='word_1_205' title='bbox 129 1490 258 1529; x_wconf 90' lang='lat' dir='ltr'>monis</span> <span class='ocrx_word' id='word_1_206' title='bbox 288 1490 424 1540; x_wconf 85' lang='lat' dir='ltr'>ignaro</span> <span class='ocrx_word' id='word_1_207' title='bbox 458 1512 509 1517; x_wconf 92' lang='lat'><strong>—</strong></span> <span class='ocrx_word' id='word_1_208' title='bbox 542 1495 579 1528; x_wconf 90' lang='lat' dir='ltr'>et</span> <span class='ocrx_word' id='word_1_209' title='bbox 608 1502 680 1541; x_wconf 91' lang='lat' dir='ltr'>pro</span> <span class='ocrx_word' id='word_1_210' title='bbox 721 1490 904 1540; x_wconf 82' lang='lat' dir='ltr'>genuinis</span> <span class='ocrx_word' id='word_1_211' title='bbox 945 1502 1080 1528; x_wconf 92' lang='lat' dir='ltr'>eorum</span> <span class='ocrx_word' id='word_1_212' title='bbox 1120 1503 1288 1540; x_wconf 83' lang='lat' dir='ltr'>quorum</span> <span class='ocrx_word' id='word_1_213' title='bbox 1329 1491 1554 1530; x_wconf 86' lang='lat' dir='ltr'>nominihus</span> 
     </span>
     <span class='ocr_line' id='line_1_26' title="bbox 130 1545 1554 1597; baseline 0.001 -12"><span class='ocrx_word' id='word_1_214' title='bbox 130 1546 317 1597; x_wconf 86' lang='lat' dir='ltr'>inscripta</span> <span class='ocrx_word' id='word_1_215' title='bbox 340 1552 433 1585; x_wconf 91' lang='lat' dir='ltr'>sunt</span> <span class='ocrx_word' id='word_1_216' title='bbox 454 1545 527 1597; x_wconf 90' lang='lat' dir='ltr'>ipsi</span> <span class='ocrx_word' id='word_1_217' title='bbox 550 1546 720 1597; x_wconf 86' lang='lat' dir='ltr'>probari.</span> <span class='ocrx_word' id='word_1_218' title='bbox 764 1546 796 1584; x_wconf 90' lang='lat' dir='ltr'>is</span> <span class='ocrx_word' id='word_1_219' title='bbox 819 1547 921 1585; x_wconf 87' lang='lat' dir='ltr'>enim</span> <span class='ocrx_word' id='word_1_220' title='bbox 944 1546 1167 1585; x_wconf 85' lang='lat' dir='ltr'>invectivam</span> <span class='ocrx_word' id='word_1_221' title='bbox 1191 1547 1362 1585; x_wconf 85' lang='lat' dir='ltr'>Sallustii</span> <span class='ocrx_word' id='word_1_222' title='bbox 1395 1560 1473 1586; x_wconf 90' lang='lat' dir='ltr'>non</span> <span class='ocrx_word' id='word_1_223' title='bbox 1498 1548 1554 1586; x_wconf 83' lang='lat' dir='ltr'>eis</span> 
     </span>
     <span class='ocr_line' id='line_1_27' title="bbox 129 1601 1554 1654; baseline 0 -12"><span class='ocrx_word' id='word_1_224' title='bbox 129 1608 280 1642; x_wconf 88' lang='lat' dir='ltr'>tantum</span> <span class='ocrx_word' id='word_1_225' title='bbox 311 1601 407 1641; x_wconf 91' lang='lat' dir='ltr'>locis</span> <span class='ocrx_word' id='word_1_226' title='bbox 439 1614 537 1653; x_wconf 89' lang='lat' dir='ltr'>quos</span> <span class='ocrx_word' id='word_1_227' title='bbox 570 1602 744 1641; x_wconf 86' lang='lat' dir='ltr'>Halmius</span> <span class='ocrx_word' id='word_1_228' title='bbox 775 1615 794 1641; x_wconf 88' lang='lat' dir='ltr'>a</span> <span class='ocrx_word' id='word_1_229' title='bbox 827 1603 1003 1653; x_wconf 89' lang='lat' dir='ltr'>priorum</span> <span class='ocrx_word' id='word_1_230' title='bbox 1036 1602 1228 1642; x_wconf 89' lang='lat' dir='ltr'>editorum</span> <span class='ocrx_word' id='word_1_231' title='bbox 1261 1603 1554 1654; x_wconf 82' lang='lat' dir='ltr'>suspicionibus</span> 
     </span>
     <span class='ocr_line' id='line_1_28' title="bbox 131 1658 1553 1710; baseline 0 -12"><span class='ocrx_word' id='word_1_232' title='bbox 131 1659 286 1710; x_wconf 83' lang='lat' dir='ltr'>egregie</span> <span class='ocrx_word' id='word_1_233' title='bbox 315 1658 520 1697; x_wconf 87' lang='lat' dir='ltr'>vindicavit</span> <span class='ocrx_word' id='word_1_234' title='bbox 551 1661 599 1708; x_wconf 89' lang='lat' dir='ltr'>(v.</span> <span class='ocrx_word' id='word_1_235' title='bbox 632 1659 677 1698; x_wconf 89' lang='lat' dir='ltr'>ad</span> <span class='ocrx_word' id='word_1_236' title='bbox 700 1671 732 1698; x_wconf 77' lang='lat' dir='ltr'>c,</span> <span class='ocrx_word' id='word_1_237' title='bbox 763 1662 793 1706; x_wconf 82' lang='lat'>1,</span> <span class='ocrx_word' id='word_1_238' title='bbox 820 1662 854 1698; x_wconf 87' lang='lat'>1.</span> <span class='ocrx_word' id='word_1_239' title='bbox 887 1662 925 1706; x_wconf 75' lang='lat'>4,</span> <span class='ocrx_word' id='word_1_240' title='bbox 948 1660 988 1702; x_wconf 68' lang='lat'>7)</span> <span class='ocrx_word' id='word_1_241' title='bbox 1020 1659 1087 1698; x_wconf 89' lang='lat' dir='ltr'>sed</span> <span class='ocrx_word' id='word_1_242' title='bbox 1117 1659 1206 1698; x_wconf 90' lang='lat' dir='ltr'>alibi</span> <span class='ocrx_word' id='word_1_243' title='bbox 1238 1672 1396 1710; x_wconf 85' lang='lat' dir='ltr'>quoque</span> <span class='ocrx_word' id='word_1_244' title='bbox 1427 1662 1476 1709; x_wconf 88' lang='lat' dir='ltr'>(v.</span> <span class='ocrx_word' id='word_1_245' title='bbox 1508 1659 1553 1698; x_wconf 89' lang='lat' dir='ltr'>ad</span> 
     </span>
     <span class='ocr_line' id='line_1_29' title="bbox 131 1715 1551 1766; baseline 0 -11"><span class='ocrx_word' id='word_1_246' title='bbox 131 1717 168 1763; x_wconf 85' lang='lat'>3,</span> <span class='ocrx_word' id='word_1_247' title='bbox 194 1717 217 1754; x_wconf 86' lang='lat'>5</span> <span class='ocrx_word' id='word_1_248' title='bbox 240 1718 308 1761; x_wconf 83' lang='lat' dir='ltr'>ss.)</span> <span class='ocrx_word' id='word_1_249' title='bbox 327 1715 411 1754; x_wconf 89' lang='lat' dir='ltr'>sine</span> <span class='ocrx_word' id='word_1_250' title='bbox 429 1715 505 1753; x_wconf 90' lang='lat' dir='ltr'>ulla</span> <span class='ocrx_word' id='word_1_251' title='bbox 523 1715 761 1766; x_wconf 87' lang='lat' dir='ltr'>suspicionis</span> <span class='ocrx_word' id='word_1_252' title='bbox 783 1715 1065 1766; x_wconf 82' lang='lat' dir='ltr'>significatione</span> <span class='ocrx_word' id='word_1_253' title='bbox 1083 1721 1125 1753; x_wconf 92' lang='lat' dir='ltr'>ut</span> <span class='ocrx_word' id='word_1_254' title='bbox 1141 1715 1413 1755; x_wconf 87' lang='lat' dir='ltr'>Sallustianam</span> <span class='ocrx_word' id='word_1_255' title='bbox 1435 1728 1551 1755; x_wconf 88' lang='lat' dir='ltr'>usur-</span> 
     </span>
     <span class='ocr_line' id='line_1_30' title="bbox 130 1771 1553 1823; baseline 0.001 -13"><span class='ocrx_word' id='word_1_256' title='bbox 130 1772 245 1823; x_wconf 89' lang='lat' dir='ltr'>pavit.</span> <span class='ocrx_word' id='word_1_257' title='bbox 307 1783 426 1822; x_wconf 87' lang='lat' dir='ltr'>quare</span> <span class='ocrx_word' id='word_1_258' title='bbox 457 1771 551 1810; x_wconf 90' lang='lat' dir='ltr'>mihi</span> <span class='ocrx_word' id='word_1_259' title='bbox 583 1772 740 1822; x_wconf 86' lang='lat' dir='ltr'>quidem</span> <span class='ocrx_word' id='word_1_260' title='bbox 773 1784 852 1810; x_wconf 91' lang='lat' dir='ltr'>non</span> <span class='ocrx_word' id='word_1_261' title='bbox 885 1771 1046 1810; x_wconf 87' lang='lat' dir='ltr'>dubium</span> <span class='ocrx_word' id='word_1_262' title='bbox 1078 1778 1131 1810; x_wconf 89' lang='lat' dir='ltr'>est</span> <span class='ocrx_word' id='word_1_263' title='bbox 1164 1772 1260 1822; x_wconf 83' lang='lat' dir='ltr'>quin</span> <span class='ocrx_word' id='word_1_264' title='bbox 1292 1772 1404 1811; x_wconf 89' lang='lat' dir='ltr'>etiam</span> <span class='ocrx_word' id='word_1_265' title='bbox 1437 1773 1553 1812; x_wconf 81' lang='lat' dir='ltr'>altera</span> 
     </span>
     <span class='ocr_line' id='line_1_31' title="bbox 131 1827 1553 1879; baseline 0.001 -13"><span class='ocrx_word' id='word_1_266' title='bbox 131 1827 195 1867; x_wconf 89' lang='lat' dir='ltr'>illa</span> <span class='ocrx_word' id='word_1_267' title='bbox 226 1827 266 1866; x_wconf 91' lang='lat' dir='ltr'>in</span> <span class='ocrx_word' id='word_1_268' title='bbox 298 1827 526 1866; x_wconf 88' lang='lat' dir='ltr'>Sallustium</span> <span class='ocrx_word' id='word_1_269' title='bbox 557 1840 630 1866; x_wconf 89' lang='lat' dir='ltr'>nec</span> <span class='ocrx_word' id='word_1_270' title='bbox 651 1828 880 1874; x_wconf 84' lang='lat' dir='ltr'>Quintiliani</span> <span class='ocrx_word' id='word_1_271' title='bbox 912 1835 1088 1879; x_wconf 89' lang='lat' dir='ltr'>tempore</span> <span class='ocrx_word' id='word_1_272' title='bbox 1119 1841 1191 1867; x_wconf 87' lang='lat' dir='ltr'>nec</span> <span class='ocrx_word' id='word_1_273' title='bbox 1222 1828 1336 1867; x_wconf 85' lang='lat' dir='ltr'>tertio</span> <span class='ocrx_word' id='word_1_274' title='bbox 1368 1835 1553 1879; x_wconf 86' lang='lat' dir='ltr'>quartove</span> 
     </span>
     <span class='ocr_line' id='line_1_32' title="bbox 133 1883 1556 1936; baseline 0.001 -13"><span class='ocrx_word' id='word_1_275' title='bbox 133 1884 298 1923; x_wconf 86' lang='lat' dir='ltr'>saeculis</span> <span class='ocrx_word' id='word_1_276' title='bbox 328 1884 429 1922; x_wconf 91' lang='lat' dir='ltr'>Didii</span> <span class='ocrx_word' id='word_1_277' title='bbox 459 1883 623 1923; x_wconf 88' lang='lat' dir='ltr'>alicuius</span> <span class='ocrx_word' id='word_1_278' title='bbox 653 1884 827 1935; x_wconf 89' lang='lat' dir='ltr'>Epidiive</span> <span class='ocrx_word' id='word_1_279' title='bbox 859 1885 1026 1924; x_wconf 89' lang='lat' dir='ltr'>obscuro</span> <span class='ocrx_word' id='word_1_280' title='bbox 1049 1885 1208 1923; x_wconf 87' lang='lat' dir='ltr'>nomine</span> <span class='ocrx_word' id='word_1_281' title='bbox 1230 1885 1416 1936; x_wconf 82' lang='lat' dir='ltr'>inscripta</span> <span class='ocrx_word' id='word_1_282' title='bbox 1437 1886 1556 1925; x_wconf 89' lang='lat' dir='ltr'>suerit</span> 
     </span>
     <span class='ocr_line' id='line_1_33' title="bbox 133 1939 1554 1992; baseline 0.001 -12"><span class='ocrx_word' id='word_1_283' title='bbox 133 1941 200 1980; x_wconf 88' lang='lat' dir='ltr'>sed</span> <span class='ocrx_word' id='word_1_284' title='bbox 233 1940 357 1991; x_wconf 87' lang='lat' dir='ltr'>ipsius</span> <span class='ocrx_word' id='word_1_285' title='bbox 377 1939 493 1979; x_wconf 90' lang='lat' dir='ltr'>Tullii</span> <span class='ocrx_word' id='word_1_286' title='bbox 526 1945 575 1985; x_wconf 77' lang='lat' dir='ltr'>(v,</span> <span class='ocrx_word' id='word_1_287' title='bbox 607 1940 651 1979; x_wconf 86' lang='lat' dir='ltr'>ad</span> <span class='ocrx_word' id='word_1_288' title='bbox 674 1953 707 1979; x_wconf 89' lang='lat' dir='ltr'>c.</span> <span class='ocrx_word' id='word_1_289' title='bbox 732 1943 767 1985; x_wconf 80' lang='lat'>7,</span> <span class='ocrx_word' id='word_1_290' title='bbox 791 1941 873 1989; x_wconf 80' lang='lat'>20).</span> <span class='ocrx_word' id='word_1_291' title='bbox 934 1940 1082 1980; x_wconf 85' lang='lat' dir='ltr'>scilicet</span> <span class='ocrx_word' id='word_1_292' title='bbox 1113 1954 1242 1992; x_wconf 84' lang='lat' dir='ltr'>neque</span> <span class='ocrx_word' id='word_1_293' title='bbox 1273 1941 1356 1980; x_wconf 87' lang='lat' dir='ltr'>eius</span> <span class='ocrx_word' id='word_1_294' title='bbox 1386 1941 1554 1981; x_wconf 88' lang='lat' dir='ltr'>hominis</span> 
     </span>
     <span class='ocr_line' id='line_1_34' title="bbox 132 1994 1553 2049; baseline 0.001 -14"><span class='ocrx_word' id='word_1_295' title='bbox 132 1996 199 2048; x_wconf 87' lang='lat' dir='ltr'>qui</span> <span class='ocrx_word' id='word_1_296' title='bbox 230 1996 483 2036; x_wconf 88' lang='lat' dir='ltr'>Sallustianas</span> <span class='ocrx_word' id='word_1_297' title='bbox 513 1996 559 2034; x_wconf 91' lang='lat' dir='ltr'>ad</span> <span class='ocrx_word' id='word_1_298' title='bbox 591 1994 789 2035; x_wconf 86' lang='lat' dir='ltr'>Caesarem</span> <span class='ocrx_word' id='word_1_299' title='bbox 822 1997 1016 2036; x_wconf 86' lang='lat' dir='ltr'>suasorias</span> <span class='ocrx_word' id='word_1_300' title='bbox 1048 1998 1269 2048; x_wconf 83' lang='lat' dir='ltr'>composuit</span> <span class='ocrx_word' id='word_1_301' title='bbox 1304 2010 1434 2049; x_wconf 86' lang='lat' dir='ltr'>neque</span> <span class='ocrx_word' id='word_1_302' title='bbox 1463 2010 1553 2037; x_wconf 91' lang='lat' dir='ltr'>vero</span> 
     </span>
     <span class='ocr_line' id='line_1_35' title="bbox 133 2052 1553 2105; baseline 0.001 -14"><span class='ocrx_word' id='word_1_303' title='bbox 133 2064 269 2092; x_wconf 89' lang='lat' dir='ltr'>eorum</span> <span class='ocrx_word' id='word_1_304' title='bbox 300 2052 366 2103; x_wconf 89' lang='lat' dir='ltr'>qui</span> <span class='ocrx_word' id='word_1_305' title='bbox 389 2052 535 2097; x_wconf 87' lang='lat' dir='ltr'>Quinto</span> <span class='ocrx_word' id='word_1_306' title='bbox 567 2058 604 2091; x_wconf 89' lang='lat' dir='ltr'>et</span> <span class='ocrx_word' id='word_1_307' title='bbox 625 2053 752 2091; x_wconf 83' lang='lat' dir='ltr'>Marco</span> <span class='ocrx_word' id='word_1_308' title='bbox 774 2053 913 2092; x_wconf 89' lang='lat' dir='ltr'>Tulliis</span> <span class='ocrx_word' id='word_1_309' title='bbox 944 2054 1139 2093; x_wconf 88' lang='lat' dir='ltr'>orationes</span> <span class='ocrx_word' id='word_1_310' title='bbox 1159 2060 1456 2105; x_wconf 87' lang='lat' dir='ltr'>supposuerunt</span> <span class='ocrx_word' id='word_1_311' title='bbox 1482 2066 1553 2093; x_wconf 92' lang='lat' dir='ltr'>no-</span> 
     </span>
     <span class='ocr_line' id='line_1_36' title="bbox 131 2108 1555 2161; baseline 0.001 -13"><span class='ocrx_word' id='word_1_312' title='bbox 131 2108 238 2148; x_wconf 90' lang='lat' dir='ltr'>mina</span> <span class='ocrx_word' id='word_1_313' title='bbox 277 2108 323 2147; x_wconf 91' lang='lat' dir='ltr'>ab</span> <span class='ocrx_word' id='word_1_314' title='bbox 363 2108 459 2159; x_wconf 87' lang='lat' dir='ltr'>ipsis</span> <span class='ocrx_word' id='word_1_315' title='bbox 497 2108 616 2148; x_wconf 89' lang='lat' dir='ltr'>celata</span> <span class='ocrx_word' id='word_1_316' title='bbox 654 2109 873 2149; x_wconf 87' lang='lat' dir='ltr'>innotuisse</span> <span class='ocrx_word' id='word_1_317' title='bbox 903 2110 1070 2161; x_wconf 88' lang='lat' dir='ltr'>posteris</span> <span class='ocrx_word' id='word_1_318' title='bbox 1110 2110 1310 2150; x_wconf 78' lang='lat' dir='ltr'>videntur:</span> <span class='ocrx_word' id='word_1_319' title='bbox 1352 2110 1555 2160; x_wconf 82' lang='lat' dir='ltr'>ignorabat</span> 
     </span>
     <span class='ocr_line' id='line_1_37' title="bbox 133 2164 1555 2216; baseline 0.001 -12"><span class='ocrx_word' id='word_1_320' title='bbox 133 2171 239 2205; x_wconf 89' lang='lat' dir='ltr'>certe</span> <span class='ocrx_word' id='word_1_321' title='bbox 268 2164 401 2203; x_wconf 87' lang='lat' dir='ltr'>talium</span> <span class='ocrx_word' id='word_1_322' title='bbox 433 2165 692 2216; x_wconf 86' lang='lat' dir='ltr'>scriptionum</span> <span class='ocrx_word' id='word_1_323' title='bbox 723 2172 904 2205; x_wconf 87' lang='lat' dir='ltr'>auctores</span> <span class='ocrx_word' id='word_1_324' title='bbox 935 2167 1141 2205; x_wconf 80' lang='lat' dir='ltr'>Asconius.</span> <span class='ocrx_word' id='word_1_325' title='bbox 1188 2167 1258 2205; x_wconf 88' lang='lat' dir='ltr'>hae</span> <span class='ocrx_word' id='word_1_326' title='bbox 1280 2167 1488 2206; x_wconf 85' lang='lat' dir='ltr'>invectivae</span> <span class='ocrx_word' id='word_1_327' title='bbox 1511 2173 1555 2206; x_wconf 88' lang='lat' dir='ltr'>ut</span> 
     </span>
     <span class='ocr_line' id='line_1_38' title="bbox 132 2220 1555 2273; baseline 0.001 -13"><span class='ocrx_word' id='word_1_328' title='bbox 132 2221 249 2273; x_wconf 91' lang='lat' dir='ltr'>paulo</span> <span class='ocrx_word' id='word_1_329' title='bbox 282 2220 565 2260; x_wconf 88' lang='lat' dir='ltr'>emendatiores</span> <span class='ocrx_word' id='word_1_330' title='bbox 597 2234 705 2261; x_wconf 89' lang='lat' dir='ltr'>nuuc</span> <span class='ocrx_word' id='word_1_331' title='bbox 735 2222 900 2261; x_wconf 87' lang='lat' dir='ltr'>edantur</span> <span class='ocrx_word' id='word_1_332' title='bbox 930 2235 1043 2272; x_wconf 85' lang='lat' dir='ltr'>quam</span> <span class='ocrx_word' id='word_1_333' title='bbox 1076 2236 1094 2261; x_wconf 92' lang='lat' dir='ltr'>a</span> <span class='ocrx_word' id='word_1_334' title='bbox 1127 2223 1278 2262; x_wconf 88' lang='lat' dir='ltr'>Baitero</span> <span class='ocrx_word' id='word_1_335' title='bbox 1313 2223 1455 2262; x_wconf 86' lang='lat' dir='ltr'>sactum</span> <span class='ocrx_word' id='word_1_336' title='bbox 1495 2228 1555 2262; x_wconf 87' lang='lat' dir='ltr'>est</span> 
     </span>
     <span class='ocr_line' id='line_1_39' title="bbox 131 2277 1553 2329; baseline 0.001 -13"><span class='ocrx_word' id='word_1_337' title='bbox 131 2278 301 2329; x_wconf 90' lang='lat' dir='ltr'>primum</span> <span class='ocrx_word' id='word_1_338' title='bbox 325 2277 445 2316; x_wconf 90' lang='lat' dir='ltr'>debeo</span> <span class='ocrx_word' id='word_1_339' title='bbox 467 2277 611 2328; x_wconf 83' lang='lat' dir='ltr'>insigni</span> <span class='ocrx_word' id='word_1_340' title='bbox 633 2278 897 2317; x_wconf 89' lang='lat' dir='ltr'>Francisci</span> <span class='ocrx_word' id='word_1_341' title='bbox 927 2278 1098 2317; x_wconf 80' lang='lat' dir='ltr'>Ruhlii</span> <span class='ocrx_word' id='word_1_342' title='bbox 1127 2279 1307 2324; x_wconf 83' lang='lat' dir='ltr'>comitati,</span> <span class='ocrx_word' id='word_1_343' title='bbox 1339 2279 1404 2329; x_wconf 89' lang='lat' dir='ltr'>qui</span> <span class='ocrx_word' id='word_1_344' title='bbox 1422 2291 1553 2318; x_wconf 90' lang='lat' dir='ltr'>meum</span> 
     </span>
     <span class='ocr_line' id='line_1_40' title="bbox 132 2333 1552 2386; baseline 0.001 -13"><span class='ocrx_word' id='word_1_345' title='bbox 132 2335 171 2373; x_wconf 90' lang='lat' dir='ltr'>in</span> <span class='ocrx_word' id='word_1_346' title='bbox 195 2347 311 2373; x_wconf 90' lang='lat' dir='ltr'>usum</span> <span class='ocrx_word' id='word_1_347' title='bbox 333 2333 498 2373; x_wconf 88' lang='lat' dir='ltr'>contulit</span> <span class='ocrx_word' id='word_1_348' title='bbox 517 2340 596 2373; x_wconf 87' lang='lat' dir='ltr'>tres</span> <span class='ocrx_word' id='word_1_349' title='bbox 617 2333 738 2373; x_wconf 87' lang='lat' dir='ltr'>libros</span> <span class='ocrx_word' id='word_1_350' title='bbox 760 2334 987 2374; x_wconf 87' lang='lat' dir='ltr'>Harleianos</span> <span class='ocrx_word' id='word_1_351' title='bbox 1009 2347 1027 2373; x_wconf 91' lang='lat' dir='ltr'>a</span> <span class='ocrx_word' id='word_1_352' title='bbox 1050 2348 1091 2374; x_wconf 87' lang='lat' dir='ltr'>se</span> <span class='ocrx_word' id='word_1_353' title='bbox 1113 2335 1374 2386; x_wconf 84' lang='lat' dir='ltr'>investigatos.</span> <span class='ocrx_word' id='word_1_354' title='bbox 1411 2335 1552 2374; x_wconf 84' lang='lat' dir='ltr'>horum</span> 
     </span>
     <span class='ocr_line' id='line_1_41' title="bbox 133 2390 1553 2442; baseline 0.001 -13"><span class='ocrx_word' id='word_1_355' title='bbox 133 2391 235 2430; x_wconf 89' lang='lat' dir='ltr'>enim</span> <span class='ocrx_word' id='word_1_356' title='bbox 267 2390 457 2429; x_wconf 85' lang='lat' dir='ltr'>librorum</span> <span class='ocrx_word' id='word_1_357' title='bbox 488 2402 592 2429; x_wconf 91' lang='lat' dir='ltr'>unus</span> <span class='ocrx_word' id='word_1_358' title='bbox 624 2390 712 2435; x_wconf 70' lang='lat'><em>(11¹)</em></span> <span class='ocrx_word' id='word_1_359' title='bbox 745 2391 789 2429; x_wconf 87' lang='lat' dir='ltr'>ad</span> <span class='ocrx_word' id='word_1_360' title='bbox 823 2392 1126 2430; x_wconf 87' lang='lat' dir='ltr'>confirmandam</span> <span class='ocrx_word' id='word_1_361' title='bbox 1166 2391 1433 2431; x_wconf 86' lang='lat' dir='ltr'>auctoritatem</span> <span class='ocrx_word' id='word_1_362' title='bbox 1465 2403 1553 2442; x_wconf 85' lang='lat' dir='ltr'>ger-</span> 
     </span>
     <span class='ocr_line' id='line_1_42' title="bbox 130 2446 1552 2499; baseline 0.001 -13"><span class='ocrx_word' id='word_1_363' title='bbox 130 2447 234 2486; x_wconf 89' lang='lat' dir='ltr'>mani</span> <span class='ocrx_word' id='word_1_364' title='bbox 266 2446 408 2494; x_wconf 83' lang='lat' dir='ltr'>sratris‚</span> <span class='ocrx_word' id='word_1_365' title='bbox 440 2446 788 2486; x_wconf 80' lang='lat' dir='ltr'>Wolsenbuttelani</span> <span class='ocrx_word' id='word_1_366' title='bbox 818 2450 947 2498; x_wconf 87' lang='lat' dir='ltr'>(quem</span> <span class='ocrx_word' id='word_1_367' title='bbox 981 2460 1058 2486; x_wconf 89' lang='lat' dir='ltr'>uon</span> <span class='ocrx_word' id='word_1_368' title='bbox 1082 2450 1166 2487; x_wconf 87' lang='lat' dir='ltr'>sine</span> <span class='ocrx_word' id='word_1_369' title='bbox 1187 2449 1316 2486; x_wconf 78' lang='lat' dir='ltr'>tructu</span> <span class='ocrx_word' id='word_1_370' title='bbox 1348 2454 1437 2499; x_wconf 90' lang='lat' dir='ltr'>post</span> <span class='ocrx_word' id='word_1_371' title='bbox 1466 2447 1552 2487; x_wconf 88' lang='lat' dir='ltr'>Bai-</span> 
     </span>
     <span class='ocr_line' id='line_1_43' title="bbox 131 2502 1553 2555; baseline 0.001 -13"><span class='ocrx_word' id='word_1_372' title='bbox 131 2510 258 2542; x_wconf 90' lang='lat' dir='ltr'>terum</span> <span class='ocrx_word' id='word_1_373' title='bbox 289 2503 374 2554; x_wconf 87' lang='lat' dir='ltr'>ipse</span> <span class='ocrx_word' id='word_1_374' title='bbox 404 2502 553 2541; x_wconf 87' lang='lat' dir='ltr'>contuli</span> <span class='ocrx_word' id='word_1_375' title='bbox 582 2503 659 2542; x_wconf 91' lang='lat' dir='ltr'>huc</span> <span class='ocrx_word' id='word_1_376' title='bbox 691 2503 899 2543; x_wconf 84' lang='lat' dir='ltr'>liberaliter</span> <span class='ocrx_word' id='word_1_377' title='bbox 928 2505 1228 2552; x_wconf 88' lang='lat' dir='ltr'>transmissum),</span> <span class='ocrx_word' id='word_1_378' title='bbox 1261 2509 1464 2555; x_wconf 86' lang='lat' dir='ltr'>exoptatus</span> <span class='ocrx_word' id='word_1_379' title='bbox 1489 2517 1553 2543; x_wconf 91' lang='lat' dir='ltr'>ac-</span> 
     </span>
     <span class='ocr_line' id='line_1_44' title="bbox 131 2558 1553 2615; baseline 0.001 -16"><span class='ocrx_word' id='word_1_380' title='bbox 131 2559 260 2612; x_wconf 74' lang='lat' dir='ltr'>cessit,</span> <span class='ocrx_word' id='word_1_381' title='bbox 291 2559 388 2599; x_wconf 88' lang='lat' dir='ltr'>alius</span> <span class='ocrx_word' id='word_1_382' title='bbox 419 2558 487 2608; x_wconf 82' lang='lat' dir='ltr'>(H)</span> <span class='ocrx_word' id='word_1_383' title='bbox 520 2571 561 2598; x_wconf 89' lang='lat' dir='ltr'>ea</span> <span class='ocrx_word' id='word_1_384' title='bbox 592 2572 634 2598; x_wconf 88' lang='lat' dir='ltr'>re</span> <span class='ocrx_word' id='word_1_385' title='bbox 665 2559 829 2600; x_wconf 83' lang='lat' dir='ltr'>maxime</span> <span class='ocrx_word' id='word_1_386' title='bbox 861 2561 1101 2612; x_wconf 88' lang='lat' dir='ltr'>conspicuus</span> <span class='ocrx_word' id='word_1_387' title='bbox 1133 2567 1202 2608; x_wconf 89' lang='lat' dir='ltr'>est,</span> <span class='ocrx_word' id='word_1_388' title='bbox 1234 2560 1336 2611; x_wconf 91' lang='lat' dir='ltr'>quod</span> <span class='ocrx_word' id='word_1_389' title='bbox 1369 2572 1456 2615; x_wconf 87' lang='lat' dir='ltr'>cum</span> <span class='ocrx_word' id='word_1_390' title='bbox 1489 2572 1553 2600; x_wconf 88' lang='lat' dir='ltr'>ce—</span> 
     </span>
    </p>
   </div>
  </div>
 </body>
</html>
