1709 2885
479 106 532 138 DE
558 94 875 139 CONIURATIONE
900 105 1125 138 CATILINAE
1455 102 1507 141 35

99 214 175 248 stra
205 220 380 253 movere,
413 208 588 247 hostibus
610 208 852 246 occasionem
873 207 1073 258 pugnandi
1095 219 1174 246 non
1197 207 1306 246 dare:
1331 207 1509 258 sperabat

98 264 322 316 propediem
353 277 509 316 magnas
540 264 670 314 copias
699 276 783 302 sese
815 263 1058 311 habiturum,
1093 264 1125 302 si
1151 263 1294 303 Romae
1322 263 1418 302 socii
1445 263 1506 302 in-

97 325 208 371 cepta
223 322 489 371 patravissent.
526 319 671 358 interea
688 319 839 358 servitia
855 319 1092 370 repudiabat,
1112 319 1223 358 cuius
1240 320 1350 358 initio
1361 319 1408 358 ad
1418 332 1505 358 eum
1529 329 1548 360 5

94 388 256 427 magnae
276 377 409 428 copiae
431 375 734 423 concurrebant,
758 375 896 427 opibus
926 375 1204 414 coniurationis
1234 375 1369 424 fretus,
1390 375 1505 414 simul

46 440 64 471 5
94 432 261 472 alienum
292 434 372 472 suis
405 431 619 471 rationibus
649 432 884 470 existumans
912 431 1033 469 videri
1064 443 1218 470 causam
1250 431 1390 470 civium
1417 444 1505 470 cum

86 488 212 527 ,servis
232 489 402 539 fugitivis
424 487 777 528 communicavisse.
819 487 885 526 sed
906 492 1110 538 postquam
1132 488 1171 526 in
1193 492 1315 526 castra
1343 488 1505 526 nuntius
1528 492 1574 528 57

93 545 269 595 pervenit
290 545 433 584 Romae
470 543 776 583 coniurationem
811 544 1061 594 patefactam,
1093 544 1138 582 de
1170 544 1335 583 Lentulo
1367 549 1403 582 et
1435 544 1504 582 Ce—

91 601 206 651 thego
239 601 475 652 ceterisque,
505 612 603 651 quos
632 611 749 650 supra
779 600 1005 647 memoravi,
1028 600 1263 651 supplicium
1291 606 1503 651 sumptum,

92 655 290 707 plerique,
321 658 424 708 quod
453 656 498 695 ad
526 656 671 694 bellum
700 667 790 706 spes
820 656 1041 706 rapinarum
1071 661 1135 694 aut
1166 668 1351 694 novarum
1372 668 1503 695 rerum

26 719 63 751 10
92 712 262 751 studium
284 713 490 760 inlexerat,
523 711 767 759 dilabuntur,
798 711 970 762 reliquos
992 712 1151 751 Catilina
1175 724 1245 762 per
1265 712 1409 751 montis
1442 724 1503 750 as-

90 780 207 820 peros
228 769 377 819 magnis
399 768 602 807 itineribus
623 768 662 806 in
684 779 818 818 agrum
841 767 1117 807 Pistoriensem
1148 767 1304 806 abducit
1333 781 1378 807 eo
1408 780 1502 807 con-

90 825 196 871 silio,
227 825 283 863 uti
304 837 373 876 per
401 824 573 864 tramites
603 824 754 863 occulte
784 824 1008 874 perfugeret
1036 825 1075 862 in
1103 824 1263 863 Galliam
1296 824 1501 875 transalpi-

89 892 190 919 nam.
232 886 269 919 at
290 880 334 926 Q.
355 880 532 919 Metellus
554 880 663 919 Celer
683 892 772 919 cum
794 879 917 918 tribus
938 880 1157 930 legionibus
1179 880 1218 919 in
1242 892 1334 931 agro
1355 880 1500 919 Piceno
1523 887 1543 920 2

89 936 350 988 praesidebat,
382 949 427 976 ex
455 936 679 975 difficultate
709 948 841 975 rerum
871 936 1003 975 eadem
1032 937 1095 975 illa
1117 937 1375 984 existumans,
1402 949 1499 987 quae

26 999 61 1032 15
89 1005 207 1043 supra
236 992 401 1032 diximus
424 992 622 1032 Catilinam
651 992 807 1043 agitare.
848 992 968 1043 igitur
997 992 1063 1031 ubi
1092 993 1166 1031 iter
1195 993 1277 1032 eius
1299 1005 1345 1032 ex
1366 993 1498 1044 perfu-
1523 999 1542 1032 3

87 1049 144 1099 gis
173 1049 373 1098 cognovit,
405 1054 528 1087 castra
557 1061 724 1100 propere
751 1048 868 1086 movit
897 1061 940 1087 ac
960 1048 1032 1087 sub
1054 1049 1149 1099 ipsis
1167 1048 1362 1087 radicibus
1386 1061 1499 1091 mon-

87 1105 183 1144 tium
204 1105 392 1153 consedit,
415 1117 489 1156 qua
510 1105 564 1143 illi
587 1105 797 1144 descensus
819 1110 899 1143 erat
918 1105 958 1143 in
976 1104 1135 1143 Galliam
1150 1106 1388 1156 properanti.
1430 1117 1498 1144 ne·
1522 1112 1542 1144 4

87 1173 162 1212 que
192 1165 319 1200 tamen
349 1162 542 1200 Antonius
572 1161 710 1212 procul
732 1161 882 1209 aberat,
914 1166 1048 1212 utpote
1078 1161 1144 1212 qui
1164 1173 1305 1212 magno
1327 1161 1498 1200 exercitu

86 1216 182 1255 locis
212 1217 461 1267 aequioribus
492 1218 692 1268 expeditus
720 1218 774 1266 [in
802 1213 907 1270 fuga]
945 1222 1186 1268 sequeretur.
1235 1217 1302 1256 sed
1340 1217 1498 1256 Catilina
1522 1225 1540 1255 5

18 1278 58 1311 20
87 1278 293 1323 postquam
314 1272 414 1311 videt
433 1273 632 1312 montibus
653 1279 768 1323 atque
788 1273 912 1323 copiis
932 1273 1102 1312 hostium
1123 1285 1207 1312 sese
1238 1273 1434 1321 clausum,
1457 1274 1497 1312 in

87 1328 181 1368 urbe
201 1341 263 1367 res
284 1329 463 1368 advorsas
477 1359 486 1376 ,
508 1341 635 1379 neque
656 1330 768 1379 fugae
791 1341 918 1379 neque
940 1329 1108 1380 praesidi
1129 1329 1247 1367 ullam
1274 1341 1403 1380 spem,
1427 1342 1496 1381 op-

83 1392 234 1424 tumum
255 1385 357 1423 factu
378 1390 483 1423 ratus
504 1386 544 1423 in
566 1385 629 1424 tali
651 1397 692 1424 re
711 1385 908 1425 fortunam
928 1385 1018 1424 belli
1040 1390 1241 1436 temptare,
1261 1385 1393 1425 statuit
1409 1398 1497 1424 cum

84 1440 254 1480 Antonio
295 1453 409 1490 quam
450 1441 619 1492 primum
660 1441 882 1491 confligere.
926 1441 1055 1491 itaque
1096 1441 1280 1480 contione
1320 1441 1498 1480 advocata
1519 1447 1539 1480 6

81 1497 350 1535 huiuscemodi
371 1497 584 1535 orationem
606 1497 751 1535 habuit.

3 1556 53 1590 *25
188 1549 457 1603 cCompertum
478 1565 549 1603 ego
571 1552 706 1599 habeo,
728 1552 882 1599 milites,
903 1551 1017 1590 verba
1037 1551 1217 1590 virtutem
1238 1564 1317 1590 non
1343 1553 1494 1598 addere,
1519 1556 1567 1592 58

82 1620 210 1660 neque
241 1621 287 1647 ex
317 1609 452 1659 ignavo
483 1614 686 1647 strenuum
716 1621 844 1659 neque
872 1609 1011 1647 fortem
1043 1620 1087 1647 ex
1117 1607 1250 1646 timido
1284 1609 1494 1647 exercitum

81 1665 254 1704 oratione
283 1664 526 1715 imperatoris
552 1665 648 1703 fieri.
700 1670 843 1715 quanta
872 1664 1063 1715 cuiusque
1094 1664 1222 1702 animo
1247 1665 1404 1703 audacia
1425 1678 1494 1704 na-
1518 1672 1538 1703 2

79 1726 164 1760 tura
184 1726 250 1760 aut
269 1720 444 1759 moribus
464 1720 576 1768 inest,
600 1726 704 1760 tanta
726 1721 766 1759 in
787 1720 888 1759 bello
910 1726 1042 1771 patere
1063 1720 1173 1759 solet.
1215 1732 1331 1770 quem
1366 1733 1494 1771 neque

79 1776 200 1827 gloria
226 1789 353 1828 neque
377 1777 550 1828 pericula
575 1777 753 1824 excitant,
786 1775 1022 1826 nequiquam
1043 1776 1218 1815 hortere:
1241 1776 1355 1814 timor
1375 1778 1493 1815 animi

10 1836 52 1870 30
80 1833 238 1872 auribus
259 1832 390 1871 officit.
421 1833 488 1871 sed
503 1845 573 1883 ego
594 1845 674 1879 vos,
692 1844 770 1882 quo
792 1843 913 1883 pauca
933 1843 1146 1878 monerem,
1168 1832 1356 1880 advocavi,
1378 1832 1491 1871 simul
1515 1840 1534 1871 3

79 1889 133 1928 uti
153 1900 307 1927 causam
325 1889 401 1927 mei
418 1888 555 1926 consili
574 1888 778 1938 aperirem.
809 1887 914 1926 scitis
930 1887 1121 1938 equidem,
1141 1888 1295 1936 milites,
1316 1888 1491 1927 socordia
1514 1896 1534 1927 4

76 1950 191 1996 atque
224 1943 372 1994 ignavia
408 1943 562 1982 Lentuli
599 1949 780 1994 quantam
815 1944 889 1995 ipsi
923 1944 1114 1994 nobisque
1145 1944 1290 1983 cladem
1320 1944 1491 1984 attulerit

77 2012 233 2051 quoque
254 1999 389 2045 modo,
413 1999 504 2037 dum
526 2012 571 2038 ex
591 1999 686 2039 urbe
707 2000 895 2051 praesidia
919 2001 1123 2051 opperior,
1146 2000 1185 2038 in
1208 2000 1366 2038 Galliam
1397 2013 1487 2052 pro-

76 2056 195 2095 ficisci
225 2055 477 2106 nequiverim.
519 2068 625 2094 nunc
654 2068 743 2095 vero
773 2069 851 2107 quo
879 2056 965 2095 loco
995 2069 1057 2095 res
1079 2061 1233 2095 nostrae
1264 2057 1362 2105 sint,
1384 2057 1487 2096 iuxta
1511 2064 1529 2095 5

6 2116 46 2149 35
74 2124 228 2151 mecum
250 2123 384 2150 omnes
406 2111 640 2162 intellegitis.
683 2113 873 2152 exercitus
894 2112 1064 2152 hostium
1088 2113 1177 2158 duo,
1201 2125 1304 2151 unus
1324 2113 1371 2151 ab
1392 2113 1489 2152 urhe
1511 2119 1531 2151 6

74 2168 170 2208 alter
205 2180 226 2206 a
261 2167 379 2206 Gallia
417 2167 581 2207 obstant.
618 2168 762 2208 diutius
797 2169 837 2207 in
873 2169 932 2207 his
968 2169 1063 2207 locis
1101 2181 1204 2215 esse,
1241 2169 1273 2207 si
1310 2181 1487 2208 maxume

73 2225 226 2264 animus
255 2224 371 2267 ferat,
402 2224 585 2263 frumenti
614 2230 731 2276 atque
760 2225 919 2264 aliarum
949 2236 1082 2263 rerum
1107 2229 1255 2275 egestas
1295 2225 1487 2276 prohibet.

164 2348 178 2378 1
199 2346 355 2388 sperabat
371 2344 435 2385 PC,
460 2355 597 2387 sperans
617 2346 643 2378 C
656 2346 667 2388 ΙΙ
687 2349 705 2379 5
724 2345 829 2378 uideri
849 2357 875 2378 s.
889 2357 913 2378 s.
930 2347 958 2377 P
973 2344 984 2388 ΙΙ
1002 2348 1018 2377 7
1039 2345 1232 2378 ἀρ*16ηῐιι10
1249 2347 1280 2378 Ρ
1294 2345 1306 2389 Η
1329 2348 1361 2378 ll
1383 2346 1487 2388 pisto-

70 2390 282 2432 rionsemPss
303 2392 342 2424 16
367 2390 527 2432 cognouit
546 2403 674 2421 *nn*
698 2390 701 2434 Ι
724 2391 898 2433 castraPll
922 2392 960 2423 19
986 2390 1161 2433 expeditus
1178 2390 1213 2423 in
1238 2390 1316 2433 fuga
1332 2404 1362 2432 z,
1387 2401 1487 2433 expe—

71 2435 158 2468 ditos
183 2436 217 2467 in
242 2435 321 2477 suga
346 2435 409 2475 PC,
438 2436 544 2467 Prisc.
572 2436 635 2469 vol.
659 2436 697 2468 II
715 2446 748 2478 p.
774 2436 841 2468 342
875 2435 920 2477 (in
946 2435 1059 2477 fugam
1081 2438 1189 2478 pauci
1214 2436 1310 2468 codd.
1343 2436 1426 2468 Sall.
1454 2441 1488 2468 et

70 2481 202 2521 Prisc),
233 2480 267 2512 in
297 2480 377 2522 suga
402 2480 528 2511 seclusi
547 2478 558 2523 Η
576 2482 617 2513 20
640 2480 733 2513 uidet
757 2480 928 2513 montibus
951 2492 976 2512 s.
1002 2491 1026 2512 S.
1045 2481 1075 2512 P
1090 2480 1101 2522 ΙΙ
1118 2482 1159 2513 22
1194 2480 1283 2513 factu
1315 2484 1407 2513 ratus
1441 2492 1485 2513 ρετ

71 2524 218 2558 facturus
242 2524 295 2567 Pu
315 2527 356 2558 32
383 2528 545 2567 quantum
567 2524 622 2568 Pu
640 2527 682 2559 34
706 2526 914 2569 nequiuerim
940 2535 980 2558 ex
1006 2525 1221 2567 nequiueram
1245 2524 1300 2567 ΡΙΙ
1317 2536 1383 2568 quo
1408 2525 1484 2558 loco

70 2569 166 2609 PVC,
193 2580 259 2613 quo
286 2570 320 2602 in
344 2569 419 2603 loco
448 2569 474 2602 C

1178 2625 1223 2658 3*
