1709 2885
206 114 259 154 96
712 115 745 149 C.
764 114 969 149 SALLUSTI
993 115 1127 149 CRISPI

207 231 280 271 gna
302 230 462 259 canere:
481 230 524 258 ac
546 219 672 270 primo
694 219 878 259 mulieres
899 225 937 258 et
956 219 1079 270 pueri,
1102 218 1168 270 qui
1190 219 1311 258 visum
1333 226 1620 270 processerant,

207 277 354 327 sugere,
375 274 514 315 deinde
536 275 591 314 uti
614 276 779 327 quisque
795 287 908 314 muro
925 287 1138 326 proxumus
1160 280 1254 323 erat,
1276 280 1473 326 postremo
1489 276 1618 316 cuncti

163 338 182 370 6
206 332 338 371 armati
361 331 619 382 inermesque.
669 332 772 383 quod
798 331 863 370 ubi
884 331 1035 379 accidit,
1060 342 1105 370 eo
1127 331 1255 370 acrius
1275 330 1438 370 Romani
1461 331 1618 379 instare,

204 387 368 427 sundere
389 401 434 428 ac
454 388 664 439 plerosque
684 394 833 427 tantum
857 388 971 427 modo
992 388 1187 434 sauciare,
1218 387 1307 426 dein
1329 399 1448 438 super
1469 388 1618 428 occiso-

205 456 291 483 rum
313 455 478 496 corpora
500 445 650 493 vadere,
671 444 767 483 avidi
791 444 934 495 gloriae
955 449 1146 484 certantes
1168 455 1322 482 murum
1341 450 1473 495 petere
1490 456 1618 496 neque

206 512 440 553 quemquam
457 501 631 540 omnium
654 500 794 552 praeda
814 502 970 540 morari.
1007 501 1063 539 sic
1084 501 1182 539 sorte
1201 505 1373 540 correcta
1389 499 1482 539 Mari
1500 508 1620 541 teme-

207 557 299 596 ritas
321 557 481 607 gloriam
504 569 547 596 ex
571 557 683 609 culpa
705 556 865 596 invenit.

133 615 181 652 95
320 612 497 652 Ceterum
520 614 612 652 dum
634 626 676 653 ea
699 625 761 652 res
783 613 950 664 geritur,
973 613 1015 652 L.
1039 613 1143 652 Sulla
1167 620 1350 662 quaestor
1371 625 1458 653 cum
1480 624 1621 663 magno

207 670 379 720 equitatu
402 669 441 708 in
465 675 587 709 castra
609 669 732 718 venit,
755 682 853 722 quos
875 669 928 708 uti
947 682 991 709 ex
1009 669 1117 708 Latio
1140 676 1177 707 et
1197 682 1215 708 a
1233 670 1348 708 sociis
1370 676 1527 721 cogeret
1542 669 1621 708 Ro-

11 731 17 739 *
39 742 52 773 χ
70 766 79 773 k
125 747 135 778 f
163 733 181 764 2
205 738 289 765 mae
309 726 469 765 relictus
490 732 583 765 erat.
624 726 689 765 sed
712 727 895 777 quoniam
919 738 990 765 nos
1011 726 1105 766 tanti
1128 726 1196 764 viri
1220 738 1282 765 res
1303 725 1515 774 admonuit,
1537 724 1620 764 ido-

146 785 152 797 '
206 794 323 822 neum
354 782 477 822 visum
510 788 567 822 est
596 783 644 821 de
672 789 807 822 natura
837 783 1023 833 cultuque
1044 783 1127 822 eius
1149 783 1283 834 paucis
1313 782 1454 822 dicere.
1496 793 1622 833 neque

206 839 307 878 enim
330 839 404 878 alio
426 838 511 877 loco
533 839 579 877 (le
601 838 730 879 Sullae
750 839 868 878 rebus
889 839 1028 878 dicturi
1050 851 1186 877 sumus
1207 845 1242 878 et
1261 838 1302 877 L.
1321 839 1485 878 Sisenna
1507 844 1622 890 optu-

204 908 265 934 me
283 901 317 934 et
336 895 643 947 diligentissume
660 895 833 934 omnium
851 895 917 946 qui
934 907 997 934 eas
1013 906 1076 934 res
1091 895 1221 934 dixere
1237 901 1468 946 persecutus
1484 906 1620 946 parum

205 951 298 992 mihi
319 951 440 990 libero
462 963 531 991 ore
552 951 705 991 locutus
724 951 887 991 videtur.

161 1014 181 1047 3
315 1008 440 1059 Igitur
455 1008 560 1048 Sulla
578 1009 704 1059 gentis
721 1008 904 1060 patriciae
921 1007 1062 1046 nobilis
1080 1007 1303 1047 fuitsamilia
1323 1008 1396 1046 iam
1414 1019 1538 1058 prope
1555 1018 1619 1046 ex-

204 1065 323 1104 tincta
340 1065 530 1103 maiorum
548 1065 709 1115 ignavia,
727 1065 866 1103 litteris
885 1063 1040 1103 Graecis
1062 1064 1258 1103 et'Latinis
1274 1064 1377 1103 iuxta
1397 1070 1512 1113 atque
1529 1062 1621 1101 doc-

203 1122 354 1160 tissumi
377 1121 574 1169 eruditus,
598 1121 727 1160 animo
750 1120 911 1171 ingenti,
935 1120 1102 1172 cupidus
1124 1120 1363 1171 voluptatum
1388 1119 1456 1158 sed
1477 1118 1621 1169 gloriae

204 1177 395 1229 cupidior,
422 1177 500 1216 otio
520 1177 721 1217 luxurioso
744 1190 847 1217 esse:
871 1183 998 1216 tamen
1022 1176 1068 1215 ab
1093 1177 1260 1226 negotiis
1280 1187 1493 1226 numquam
1513 1175 1623 1214 volu-

204 1241 287 1285 ptas
319 1239 530 1279 remorata,
561 1234 633 1272 nisi
658 1234 762 1284 quod
784 1234 830 1272 de
853 1245 974 1272 uxore
995 1233 1122 1284 potuit
1141 1233 1346 1271 honestius
1372 1230 1548 1279 consuli;
1569 1232 1622 1270 t'a-

203 1290 354 1329 cundus
377 1289 538 1329 callidus
559 1296 596 1328 et
618 1290 782 1329 amicitia
803 1289 946 1338 facilis,
969 1290 1013 1328 ad
1035 1288 1251 1328 simulanda
1279 1289 1431 1339 negotia
1459 1287 1620 1327 altitudo

203 1346 335 1397 ingeni
350 1346 601 1394 incredibilis,
618 1346 827 1385 multarum
846 1358 977 1385 rerum
993 1358 1036 1385 ac
1052 1358 1229 1385 maxume
1244 1344 1433 1397 pecuniae
1449 1344 1619 1395 largitor.

160 1411 175 1441 4
201 1409 316 1454 atque
338 1402 405 1449 illi,
426 1402 664 1441 felicissumo
687 1403 860 1441 omnium
882 1408 971 1442 ante
992 1403 1140 1442 civilem
1166 1403 1378 1449 victoriam,
1408 1412 1619 1453 numquam

202 1471 322 1511 super
342 1458 571 1498 industriam
595 1460 750 1498 fortuna
773 1459 856 1507 suit,
878 1459 1069 1510 multique
1092 1458 1313 1498 dubitavere
1334 1457 1472 1498 sortior
1492 1470 1540 1498 an
1564 1457 1619 1496 se-

200 1516 312 1555 licior
333 1521 445 1555 esset.
488 1527 575 1554 nam
598 1521 731 1567 postea
753 1527 851 1566 quae
873 1515 1018 1563 fecerit,
1042 1516 1233 1556 incertum
1260 1515 1382 1556 habeo
1407 1514 1550 1567 pudeat
1569 1525 1617 1553 au
1676 1501 1689 1550 ’.Δ

199 1572 328 1623 pigeat
347 1571 469 1622 magis
491 1570 693 1610 disserere.

127 1631 175 1666 96
313 1627 435 1678 Igitur
456 1627 574 1673 Sulla,
597 1627 652 1666 uti
674 1640 790 1679 supra
814 1627 957 1666 dictum
981 1635 1051 1675 est,
1073 1634 1276 1680 postquam
1304 1629 1342 1668 in
1365 1628 1531 1668 Africam
1564 1634 1620 1668 at·
1679 1620 1683 1657 ’Ᾰ

201 1697 276 1736 que
306 1684 344 1723 in
378 1689 500 1723 castra
522 1683 617 1722 Mari
647 1696 734 1723 cum
765 1685 937 1735 equitatu
969 1685 1091 1732 venit,
1125 1685 1232 1723 rudis
1261 1691 1372 1724 antea
1404 1691 1442 1723 et
1462 1685 1620 1734 ignarus

201 1740 310 1788 belli,
342 1740 649 1779 sollertissumus
671 1740 844 1778 omnium
867 1740 905 1778 in
928 1741 1062 1791 paucis
1083 1742 1378 1793 tempestatibus
1399 1741 1523 1780 sactus
1549 1746 1619 1780 est.

158 1804 176 1835 2
201 1797 246 1836 ad
275 1797 350 1836 hoc
379 1796 520 1835 milites
551 1796 721 1847 henigne
742 1796 957 1859 appellare,
979 1797 1111 1835 multis
1132 1797 1360 1848 rogantibus
1382 1797 1466 1836 aliis
1488 1809 1557 1849 per
1578 1809 1619 1837 se

201 1855 285 1905 ipse
306 1853 397 1892 dare
422 1852 621 1900 benificia,
644 1853 788 1892 invitus
810 1853 1007 1904 acciper,e
1030 1853 1096 1892 sed
1127 1866 1169 1893 ea
1198 1854 1473 1917 properantius
1503 1866 1619 1905 quam
1649 1850 1709 1924 30;

199 1923 263 1949 aes
285 1915 464 1949 mutuum
486 1909 685 1956 reddere,
676 1921 760 1960 lpse
775 1908 821 1948 ab
839 1909 946 1948 nullo
967 1915 1158 1961 repetere,
1179 1912 1302 1962 magis
1322 1910 1359 1949 id
1381 1909 1554 1950 laborare
1577 1915 1620 1949 ut
1678 1944 1681 1949 .

200 1966 254 2005 illi
276 1977 390 2028 quam
412 1965 584 2027 plurumi
605 1965 803 2010 deberent
827 1966 908 2005 ioca
926 1972 1042 2017 atque
1057 1967 1154 2005 seria
1171 1979 1258 2006 cum
1276 1966 1514 2006 humillumis
1530 1978 1619 2017 age·
1678 1996 1680 2001 f

157 2028 176 2060 3
201 2035 263 2070 re,
286 2022 325 2060 in
349 2021 563 2074 operibus
555 2035 593 2060 in
616 2022 768 2072 agmine
789 2028 905 2073 atque
927 2023 972 2062 ad
993 2023 1140 2075 vigilias
1162 2024 1307 2063 multus
1322 2023 1461 2062 adesse
1492 2035 1619 2074 neque

200 2079 375 2128 interim,
398 2078 503 2129 quod
524 2090 638 2130 prava
660 2078 817 2117 ambitio
838 2079 957 2127 solet,
980 2081 1152 2120 consulis
1173 2086 1238 2119 aut
1267 2080 1495 2130 cuiusquam
1525 2079 1618 2118 boni
1676 2107 1679 2130 :

199 2136 337 2175 famam
359 2135 531 2182 laedere,
563 2140 710 2174 tantum
732 2135 846 2174 modo
870 2148 998 2188 neque
1020 2137 1183 2176 consilio
1206 2149 1333 2189 neque
1364 2148 1481 2175 manu
1511 2136 1617 2187 prio-

290 2271 308 2301 6
328 2273 479 2310 correpta
501 2268 527 2301 C
543 2267 554 2311 ΙΙ
571 2271 590 2302 9
609 2268 698 2311 quod
716 2267 768 2310 Pl}
793 2270 830 2301 10
857 2269 1012 2312 quoniam
1035 2269 1117 2302 tanti
1136 2269 1197 2302 uiri
1216 2278 1277 2302 nos
1295 2274 1427 2312 tempus
1445 2267 1618 2302 admonuit

201 2315 306 2346 Prisc.
327 2313 392 2346 vol.
412 2314 449 2345 II
459 2324 494 2356 p.
507 2314 575 2347 328
592 2313 636 2352 cf.
653 2314 724 2346 Cat.
738 2315 770 2350 5,
783 2314 804 2345 9
821 2314 832 2356 u
856 2315 894 2347 12
920 2314 1117 2347 dicturimus
1133 2316 1169 2349 Ρ,
1196 2316 1355 2347 correxit
1376 2315 1413 2346 in
1438 2324 1550 2355 marg.
1566 2325 1589 2356 p
1608 2317 1620 2352 ΙΙ
1669 2323 1675 2341 .’

203 2360 242 2391 14
267 2358 400 2391 uidetur
424 2360 461 2389 in
478 2369 606 2391 rasura
623 2358 678 2401 ΡΠ
701 2361 737 2391 16
763 2358 958 2392 doctissumi
981 2362 1110 2402 scripsi
1133 2359 1200 2398 (ed.
1212 2360 1342 2401 priore,
1367 2360 1465 2391 etsie
1481 2362 1544 2391 aut
1560 2361 1616 2402 qui

200 2403 395 2436 doctissime
418 2404 642 2436 scribendum
667 2406 771 2436 etiam
796 2404 980 2446 Siesbyens
999 2404 1265 2446 Madvigiusque
1280 2404 1367 2437 Ado.
1382 2403 1495 2445 2‚292
1518 2404 1616 2436 intel·
1666 2427 1673 2447 ;

200 2448 402 2490 leaeeruntj:
433 2448 626 2482 doctissime
651 2449 731 2492 Pon
751 2451 792 2482 20
818 2449 859 2481 ad
884 2449 1125 2482 dissimulanda
1149 2461 1186 2491 z,
1212 2449 1252 2482 ad
1277 2448 1463 2481 simulanda
1488 2459 1526 2482 ac
1551 2449 1616 2484 dis·
1667 2451 1673 2463 ⁸

199 2493 395 2527 sumulanda
422 2494 561 2526 Πίθωνι-ὴ
579 2494 590 2537 ΙΙ
611 2495 648 2528 21
677 2494 800 2537 largior
825 2493 877 2537 ΡΗ
898 2496 939 2527 24
964 2495 1127 2528 incertum
1154 2494 1259 2527 liabeo
1283 2505 1349 2526 ms.
1364 2493 1415 2537 1³11
1435 2494 1559 2537 pudeat
1581 2497 1616 2536 C,

201 2538 304 2580 pudet
322 2539 377 2571 PC
393 2539 403 2581 ΙΙ
421 2549 460 2572 an
487 2539 599 2582 pigeat
626 2540 732 2582 magis
757 2542 811 2578 (an
836 2551 881 2572 ex
897 2549 929 2571 m
955 2550 1045 2573 corr.
1063 2542 1102 2580 P)
1120 2539 1182 2581 PC,
1206 2539 1344 2572 Nonius
1356 2550 1392 2582 p.
1408 2539 1484 2581 424,
1508 2541 1615 2585 magis
1661 2550 1671 2602 ἰ

200 2593 240 2615 an
268 2584 379 2626 pigeat
407 2583 460 2627 ΟΠ
479 2586 519 2617 26
545 2595 643 2627 supra
668 2584 872 2627 praedictum
899 2584 952 2629 ΡΗ
972 2587 1013 2619 30
1039 2586 1110 2628 ipse
1134 2584 1265 2628 s.s.P11
1286 2586 1326 2619 33
1352 2584 1476 2619 multos
1501 2585 1531 2617 Ρ
