1709 2885
86 712 122 744 10

85 995 120 1026 15

78 1560 117 1592 25

77 1844 118 1876 30

533 97 587 131 DE
613 96 930 131 CONIURATIONE
954 95 1178 129 CATILINAE
1518 94 1569 133 13

151 205 266 250 atque
287 198 500 249 ignobiles,
528 201 665 251 volgus
692 200 837 240 fuimus
858 200 942 239 sine
963 199 1105 250 gratia,
1132 200 1216 238 sine
1237 199 1490 248 auctoritate,
1515 199 1570 238 eis

153 255 322 303 obnoxii,
344 257 499 307 quibus,
519 257 552 296 si
572 269 635 296 res
655 257 809 308 publica
830 257 984 304 valeret,
1006 256 1202 295 formidini
1221 267 1407 295 essemus.
1438 255 1569 307 itaque
1592 265 1611 296 8

153 311 279 351 omnis
301 312 420 363 gratia
442 313 613 365 potentia
634 314 760 353 honos
781 313 932 353 divitiae
960 313 1063 364 apud
1094 312 1180 351 illos
1211 318 1305 351 sunt
1333 317 1401 351 aut
1425 311 1493 351 ubi
1514 311 1568 350 illi

151 369 306 415 volunt;
329 369 442 408 nobis
462 370 655 421 reliquere
675 370 846 421 pericula
862 369 1038 421 repulsas
1058 368 1199 408 iudicia
1216 374 1439 419 egestatem.
1473 381 1571 419 quae
1593 377 1613 408 9

152 437 358 476 quousque
387 426 539 465 tandem
569 426 770 477 patiemini
802 426 1017 466 fortissumi
1047 424 1146 464 viri?
1183 437 1317 464 nonne
1348 425 1469 463 emori
1499 437 1572 476 per

152 481 330 520 virtutem
362 488 529 533 praestat
557 495 674 533 quam
702 483 817 521 vitam
846 484 1026 522 miseram
1055 487 1170 533 atque
1200 481 1466 528 inhonestam,
1503 481 1570 520 ubi

151 537 297 577 alienae
319 539 524 590 superbiae
545 539 713 578 ludibrio
742 539 883 588 fueris,
915 551 986 591 per
1007 538 1174 578 dedecus
1203 535 1409 576 amittere?
1436 549 1570 576 verum
1596 546 1633 578 10

151 595 348 633 enimvero
370 608 441 647 pro
463 595 577 634 deum
607 601 723 647 atque
747 596 949 635 hominum
969 596 1085 634 fidem
1105 595 1264 634 victoria
1293 594 1334 632 in
1355 606 1474 633 manu
1503 606 1570 632 vo—

150 649 210 689 bis
231 657 309 697 est,
331 652 433 702 viget
453 658 574 700 aetas,
596 652 749 691 animus
770 652 887 699 valet;
911 657 1046 691 contra
1066 651 1142 690 illis
1162 651 1275 689 annis
1293 656 1409 701 atque
1429 650 1570 690 divitiis

151 708 281 746 omnia
302 713 606 747 consenuerunt.
647 715 797 749 tantum
818 709 933 747 modo
955 709 1111 760 incepto
1134 720 1233 759 opus
1255 712 1336 755 est,
1362 713 1486 746 cetera
1508 719 1571 746 res

152 764 340 815 expediet.
382 764 523 803 etenim
545 765 632 816 quis
653 765 874 804 mortalium
888 796 896 811 ,
925 766 988 804 cui
1010 764 1118 803 virile
1139 763 1342 815 ingenium
1364 769 1442 811 est,
1472 763 1570 802 tole·
1595 774 1630 806 11

150 832 236 859 rare
256 825 396 871 potest,
417 820 492 860 illis
512 821 660 861 divitias
680 834 866 873 superare
879 853 888 868 ,
916 834 1010 873 quas
1031 821 1271 872 profundant
1291 820 1331 859 in
1354 819 1569 859 extruendo

150 876 246 915 mari
276 882 314 916 et
341 877 539 917 montibus
564 878 845 930 coaequandis,
877 878 991 918 nobis
1021 890 1103 916 rem
1124 877 1350 916 familiarem
1381 877 1493 915 etiam
1523 876 1572 914 ad

150 933 368 972 necessaria
398 933 562 973 deesse?
610 935 698 974 illos
727 935 838 974 binas
868 940 934 973 aut
962 934 1129 985 amplius
1159 934 1295 972 domos
1326 932 1569 979 continuare,

149 988 262 1028 nobis
281 989 400 1029 larem
421 991 646 1030 familiarem
675 1004 868 1042 nusquam
900 990 1024 1030 ullum
1054 989 1170 1030 esse?
1220 1003 1307 1029 cum
1339 989 1488 1029 tabulas
1517 989 1571 1028 si·
1595 999 1632 1030 12

149 1058 225 1097 gna
240 1051 454 1086 toreumata
470 1054 617 1094 emunt,
639 1061 736 1087 nova
753 1048 925 1093 diruunt,
948 1048 1018 1087 alia
1035 1047 1249 1094 aedificant,
1271 1052 1468 1098 postremo
1486 1058 1570 1084 om-

148 1101 265 1141 nibus
291 1103 416 1142 modis
444 1105 651 1166 pecuniam
680 1105 840 1144 trahunt
868 1111 1026 1150 vexant,
1057 1110 1186 1143 tamen
1216 1115 1367 1142 summa
1392 1102 1570 1141 lubidine

149 1158 298 1198 divitias
318 1172 407 1198 suas
427 1161 582 1200 vincere
604 1167 817 1212 nequeunt.
867 1168 905 1201 at
926 1160 1043 1209 ῃίψίε
1069 1166 1127 1199 est
1154 1160 1259 1198 domi
1286 1159 1441 1210 inopia,
1473 1159 1569 1198 foris
1595 1168 1633 1200 13

149 1227 213 1254 aes
233 1215 416 1263 alienum,
437 1217 535 1255 mala
555 1230 630 1264 res,
651 1230 741 1269 spes
759 1217 882 1256 multo
902 1217 1097 1269 asperior;
1121 1217 1290 1279 denique
1312 1215 1405 1267 quid
1426 1215 1570 1267 reliqui

150 1271 338 1311 habemus
358 1278 511 1323 praeter
529 1274 709 1313 miseiam
729 1272 925 1312 animam?
955 1274 1051 1324 quin
1082 1273 1199 1324 igitur
1224 1271 1569 1323 expergiscimini?
1596 1281 1633 1313 14

148 1341 196 1366 en
226 1328 288 1367 illa
316 1328 378 1367 illa
408 1342 524 1380 quam
554 1343 668 1381 saepe
696 1331 857 1382 optastis
885 1330 1062 1377 libertas,
1092 1334 1292 1392 praeterea
1323 1328 1476 1368 divitiae
1502 1329 1569 1368 de-

148 1396 218 1423 cus
240 1384 391 1435 gloria
382 1398 422 1424 111
444 1386 568 1425 oculis
589 1387 660 1425 sita
681 1393 785 1425 sunt.
824 1387 982 1425 fortuna
1003 1386 1131 1424 omnia
1158 1398 1200 1424 ea
1220 1385 1432 1424 victoribus
1455 1397 1569 1436 prae-

146 1441 220 1480 mia
241 1442 385 1492 posuit.
435 1455 497 1481 res
519 1449 674 1494 tempus
694 1442 866 1494 pericula
888 1448 1059 1493 egestas,
1090 1441 1181 1481 belli
1211 1441 1335 1492 spolia
1364 1441 1569 1492 magnifica
1597 1451 1631 1482 15

146 1498 267 1549 magis
289 1510 403 1549 quam
426 1499 547 1538 oratio
569 1512 652 1538 mea
673 1512 739 1538 vos
759 1499 980 1538 hortantur.
1028 1498 1087 1537 vel
1108 1498 1341 1548 imperatore
1367 1498 1426 1536 vel
1446 1497 1569 1537 milite
1596 1508 1632 1539 16

147 1566 210 1593 me
229 1553 404 1602 utimini;
435 1568 564 1606 neque
592 1555 746 1594 animus
772 1567 900 1606 neque
930 1567 1075 1606 corpus
1103 1567 1123 1593 a
1145 1553 1253 1604 Q
1282 1553 1418 1593 aberit.
1472 1553 1568 1592 haec
1595 1565 1629 1596 Π

145 1611 242 1662 ipsa,
263 1617 307 1651 ut
327 1623 463 1663 spero,
483 1611 682 1651 vobiscum
704 1625 781 1651 una
803 1611 940 1651 consul
960 1623 1092 1662 agam,
1115 1611 1190 1650 nisi
1211 1611 1310 1650 forte
1330 1622 1393 1649 me
1414 1610 1568 1649 animus

145 1667 242 1708 fallit
262 1673 301 1706 et
319 1680 387 1706 vos
409 1669 552 1707 servire
572 1669 694 1720 magis
716 1681 832 1720 quam
852 1669 1044 1720 imperare
1066 1667 1189 1719 parati
1210 1663 1328 1706 estis'.

257 1724 469 1776 Postquam
489 1737 675 1777 accepere
695 1738 737 1764 ea
758 1725 958 1773 homines,
983 1724 1126 1775 quibus
1145 1723 1244 1762 mala
1264 1723 1419 1762 abunde
1440 1723 1570 1762 omnia
1593 1730 1641 1765 21

148 1786 277 1828 erant,
308 1782 375 1820 sed
397 1794 525 1833 neque
545 1794 608 1821 res
637 1794 766 1832 neque
796 1793 887 1832 spes
907 1781 1009 1819 bona
1030 1780 1128 1827 ulla,
1161 1780 1311 1819 tametsi
1340 1779 1416 1819 illis
1439 1780 1570 1830 quieta

146 1850 301 1876 movere
320 1849 460 1888 magna
480 1850 629 1877 merces
648 1837 870 1884 videbatur,
892 1842 1019 1876 tamen
1041 1836 1284 1888 postulavere
1304 1836 1481 1887 plerique
1494 1866 1503 1882 ‚
1528 1841 1570 1874 ut

147 1899 406 1945 proponeret,
433 1906 531 1945 quae
552 1894 732 1933 condicio
752 1893 843 1933 belli
863 1894 984 1940 foret,
1010 1906 1108 1944 quae
1129 1893 1300 1944 praemia
1321 1892 1438 1931 armis
1459 1897 1568 1943 pete-

147 1956 256 1996 rent,
279 1949 373 2000 quid
393 1949 538 2001 ubique
559 1951 645 2001 opis
665 1957 732 1990 aut
751 1951 834 2002 spei
856 1950 1057 1989 haberent.
1105 1955 1187 1988 tum
1210 1948 1369 1988 Catilina
1393 1948 1570 2000 polliceri
1592 1957 1611 1990 2

148 2005 296 2045 tabulas
317 2018 448 2053 novas,
470 2007 797 2058 proscriptionem
813 2006 1080 2058 locupletium,
1102 2006 1363 2057 magistratus,
1386 2005 1570 2044 sacerdo-

149 2062 214 2107 tia,
235 2063 413 2114 rapinas,
435 2063 506 2102 alia
527 2064 668 2110 omnia,
692 2076 792 2115 quae
811 2063 956 2103 bellum
977 2068 1094 2114 atque
1110 2060 1246 2101 'lubido
1268 2062 1458 2101 victorum
1480 2061 1568 2100 fert.

149 2124 349 2170 praeterea
370 2131 454 2158 esse
475 2119 515 2158 in
535 2119 719 2171 Hispania
741 2120 921 2160 citeriore
940 2119 1137 2164 Pisonem,
1159 2119 1200 2158 in
1221 2118 1458 2158 Mauretania
1480 2130 1570 2157 cum
1593 2127 1613 2159 3

150 2175 322 2214 exercitu
350 2175 392 2214 P.
419 2176 574 2216 Sittium
602 2176 863 2223 Nucerinum,
895 2177 1032 2216 consili
1068 2176 1129 2214 sui
1157 2176 1390 2227 participes;
1435 2179 1570 2226 petere

239 2278 259 2308 4
283 2275 472 2318 relinquere
496 2274 557 2319 Pu
583 2279 602 2309 5
628 2288 648 2310 o
672 2277 847 2310 fortissimi
872 2276 948 2311 VC
981 2287 1000 2309 0
1026 2286 1093 2308 om.
1119 2275 1154 2316 C,
1177 2287 1204 2307 s.
1228 2286 1255 2307 S.
1279 2275 1309 2307 P
1328 2273 1340 2318 ΙΙ
1367 2275 1386 2307 8
1412 2274 1446 2306 in
1470 2284 1571 2307 manu

149 2322 248 2355 uobis
266 2321 319 2363 Vp
337 2323 376 2352 in
393 2330 461 2361 mg.
478 2321 512 2362 C,
536 2321 570 2353 in
586 2331 686 2355 manu
703 2323 803 2356 nobis
819 2322 883 2361 PC,
901 2314 1024 2355 nobis
1017 2332 1050 2353 111
1067 2331 1168 2354 manu
1185 2321 1293 2353 Prisc.
1311 2319 1378 2351 vol.
1396 2319 1571 2361 1172364,

148 2367 182 2399 in
199 2366 389 2399 manibusz
412 2365 499 2404 fort.
514 2367 632 2409 recten
656 2369 695 2400 12
712 2368 897 2401 extruendo
915 2367 1012 2408 PCV,
1028 2361 1114 2399 ι·Αε7
1116 2362 1169 2398 on'
1189 2367 1227 2397 in
1244 2366 1327 2397 Hor.
1349 2364 1378 2396 C
1390 2364 1422 2405 2,
1437 2363 1492 2406 18,
1504 2364 1572 2397 21.

149 2411 356 2444 extrudendo
373 2411 404 2443 J.
417 2411 460 2443 F.
480 2411 675 2444 Gronovius
693 2411 706 2456 ΙΙ
725 2415 764 2447 13
790 2413 940 2446 etiam—
947 2415 986 2445 15
1005 2411 1202 2444 familiarem
1220 2421 1288 2443 om.
1301 2411 1338 2450 P,
1355 2420 1393 2441 m
1409 2419 1478 2451 mg.
1495 2420 1570 2452 sup.

151 2457 231 2489 add.
254 2466 276 2498 p
294 2455 309 2499 fl
333 2457 375 2488 20
400 2456 563 2489 habemus
584 2468 620 2499 p,
645 2458 828 2491 habeamus
853 2457 906 2501 ΡΙΙ
933 2459 971 2491 21
1001 2467 1043 2490 en
1067 2467 1133 2489 om.
1159 2456 1196 2488 Ι
1209 2455 1220 2497 ΙΙ
1237 2467 1280 2498 op
1284 2454 1362 2488 tatis
1387 2454 1509 2487 liberas
1534 2456 1570 2493 Ρ

151 2512 242 2534 corr.
257 2511 280 2543 p
297 2503 309 2542 ΙΙ
329 2503 371 2534 24
395 2501 572 2534 hortantur
589 2502 680 2544 VPz,
703 2503 880 2537 hortentul
896 2503 953 2535 PC
968 2502 980 2544 ΙΙ
997 2504 1039 2535 25
1060 2501 1192 2534 utimini
1210 2467 1280 2538 PCp
1298 2499 1438 2532 utemini
1451 2500 1542 2542 pVC
1560 2498 1573 2542 ss

151 2548 194 2580 26
217 2546 316 2579 uobis
341 2556 504 2580 com*11na
522 2548 559 2586 P,
583 2558 660 2581 ‹um
685 2559 776 2582 corr.
793 2548 848 2592 Pl}
867 2550 909 2581 29
933 2548 1023 2579 bona
1047 2546 1115 2579 ulla
1132 2548 1163 2579 P
1181 2558 1206 2579 s
1224 2557 1249 2577 s.
1267 2544 1279 2588 ΙΙ
1299 2546 1341 2578 32
1360 2548 1438 2577 tunc
1455 2544 1570 2587 P1135

152 2592 307 2634 pisonem
328 2602 363 2634 p,
387 2602 493 2635 pos*
499 2602 562 2625 one
586 2593 618 2625 P
