1709 2885
465 99 707 133 PRAEFATIO
731 98 941 132 EDITIONIS
967 98 1140 132 PRIMAE.
1456 108 1528 131 xvu

106 204 281 255 inspecta
303 202 526 242 membrana
547 202 659 241 aliter
679 201 794 240 statui
815 206 961 252 posset.
1002 201 1207 252 respondit
1227 201 1305 249 ille,
1336 201 1427 240 olim
1451 201 1528 239 cla-

106 260 258 299 rissime
289 259 553 310 comparuisse
585 269 626 296 ea
667 269 764 308 quae
792 262 920 296 extant
959 256 998 296 in
1029 257 1180 303 tabula,
1221 270 1327 296 nunc
1364 269 1529 308 prorsus

108 316 323 355 evanuisse.
364 322 402 354 at
430 314 524 352 mihi
544 314 583 353 in
614 313 697 364 ipsa
728 313 953 352 membrana
983 313 1112 352 statim
1140 326 1212 365 pro
1244 317 1259 352 τ’
1287 314 1412 353 littera
1440 319 1528 352 ante

107 375 208 421 eruit
227 371 406 423 apparuit
436 384 452 409 s
483 370 696 416 dimidiata,
721 370 962 420 eandemque
988 369 1156 409 litteram
1186 375 1430 420 agnoverunt
1460 369 1528 408 ali-

110 433 206 479 quot
233 427 413 467 homines
446 425 548 465 docti
577 425 641 477 qui
673 437 770 476 quae
800 425 846 464 lis
877 430 978 464 esset
1008 425 1235 475 ignorarent
1266 432 1303 464 et
1322 425 1529 477 Philippus

107 484 199 523 laffe
219 484 276 522 vir
295 484 433 523 harum
450 494 580 522 rerum
599 481 870 532 peritissimus.
903 482 1041 520 deinde
1057 494 1128 533 pro
1146 482 1285 521 litteris
1300 495 1365 533 aeq
1381 481 1531 532 dispexi

108 552 151 578 ea
171 540 255 591 ipsa
278 552 376 590 qnae
397 539 562 578 Rothius
583 537 703 576 voluit
732 551 815 589 ereq
844 538 918 576 nisi
948 538 1052 588 quod
1081 550 1103 577 r
1132 538 1282 578 litterae
1312 537 1530 577 dimidiatae

106 596 232 634 forma
255 609 378 648 prope
400 596 444 634 ad
466 608 487 634 α
508 595 673 633 formam
693 595 855 633 accedit.
890 600 926 632 et
947 594 1042 634 haec
1063 594 1220 645 quidem
1243 600 1347 633 certa
1364 607 1447 633 esse
1464 594 1530 632 ad-

108 653 234 691 firmo.
277 664 394 703 quare
416 663 530 690 nemo
552 651 626 689 iam
648 650 790 701 opinor
810 650 1003 689 Rothiano
1024 650 1182 690 invento
1211 651 1326 689 fidem
1358 650 1531 689 detrahet

108 708 339 759 Liviumque
359 720 430 759 pro
452 707 632 746 Sallustio
656 706 862 746 revocabit.
905 707 971 745 sed
992 713 1145 758 praeter
1165 707 1260 746 haec
1281 706 1530 745 duotabulae

108 764 198 804 vitia
220 771 345 804 cetera
368 776 466 814 quae
487 763 615 813 legere
637 763 746 814 potui
777 769 854 801 tam
886 769 1064 802 accurate
1095 775 1277 814 expressa
1307 763 1455 810 inveni,
1486 767 1530 800 ut

105 816 306 859 ‘codicem'
330 825 467 858 testem
488 819 647 858 fecerim
678 818 792 858 etiam
815 819 867 858 ibi
888 818 955 858 ubi
988 819 1084 858 nihil
1113 819 1282 871 dispexi:
1314 819 1441 870 siquid
1474 818 1531 857 di-

110 877 231 927 spexi‚
260 876 448 927 adscripsi
474 888 534 914 me
556 875 708 914 vidisse.

222 953 404 993 Relicuae
435 961 527 993 sunt
556 954 659 993 tertii
689 954 777 993 libri
800 953 1004 992 Vatican
1019 966 1070 992 ae
1099 966 1136 992 m
1151 953 1413 993 embranae
1443 959 1532 1004 post

111 1009 368 1049 Niebuhrium
402 1017 439 1049 et
469 1010 611 1049 Maium
644 1010 685 1048 ni
715 1010 827 1049 fallor
857 1023 876 1048 a
907 1010 1063 1048 nemine
1093 1009 1270 1048 relectae.
1314 1022 1409 1061 quas
1444 1022 1532 1048 cum

111 1066 255 1105 Romae
275 1066 420 1105 frustra
442 1079 684 1116 quaererem,
711 1066 859 1106 oblatae
880 1073 972 1105 sunt
1002 1066 1166 1105 schedae
1190 1066 1359 1105 Caietani
1379 1065 1534 1105 Marinii

112 1122 244 1161 codice
274 1122 356 1161 Vat.
389 1123 497 1163 9113
530 1123 783 1169 coniunctae,
814 1123 854 1161 in
885 1122 1028 1174 quibus
1058 1122 1147 1161 inde
1179 1135 1199 1161 a
1228 1122 1392 1163 f01.311
1427 1123 1535 1161 inve-

112 1179 278 1217 niuntur
299 1185 337 1217 et
357 1179 545 1229 imagines
566 1179 881 1218 membranarum
904 1179 1116 1218 delineatae
1139 1185 1175 1217 et
1206 1179 1400 1229 scriptura
1429 1185 1536 1217 tran·

112 1235 267 1286 scripta.
309 1235 511 1285 inscripsit
539 1235 599 1273 his
628 1235 732 1274 curis
763 1235 844 1274 suis
873 1235 987 1274 verba
1016 1235 1134 1274 haece
1159 1231 1320 1274 ‘scheda
1351 1235 1397 1274 de
1418 1235 1536 1273 fram-

112 1290 235 1329 menti
257 1290 479 1329 Sallustiani
509 1291 580 1330 cbe
602 1291 727 1342 copiai
756 1291 974 1330 moltissimi
1005 1291 1097 1330 anni
1128 1303 1226 1330 sono
1257 1292 1303 1330 da
1325 1304 1378 1330 un
1402 1291 1536 1330 codice

113 1359 193 1385 non
224 1359 267 1385 so
296 1346 397 1386 bene
418 1359 459 1386 se
482 1347 578 1386 della
599 1347 747 1398 Regina
769 1360 790 1385 o
814 1347 910 1386 della
931 1341 1134 1387 Vaticana.²
1180 1353 1237 1385 est
1259 1353 1386 1386 autem
1417 1348 1535 1386 codex

113 1402 348 1453 Reginensis
370 1416 408 1441 n.
437 1403 556 1443 1283.
599 1416 713 1454 quem
736 1404 837 1442 nacti
858 1403 971 1442 amici
991 1404 1066 1442 mei
1089 1403 1294 1443 Eduardus
1314 1401 1537 1442 Ltjbbertus

112 1459 268 1498 Ulricus
288 1458 482 1498 Kohlerus
505 1462 704 1509 Augustus
726 1459 1007 1498 Wilmannsius
1036 1471 1120 1497 mea
1151 1472 1264 1498 causa
1293 1460 1537 1498 membrana-

115 1527 202 1553 rum
223 1514 457 1566 scripturam
481 1527 568 1554 cum
600 1515 776 1566 exemplo
808 1515 958 1554 Maiano
990 1515 1171 1565 religiose
1203 1522 1538 1567 comparaverunt.

115 1583 193 1622 quo
214 1571 316 1610 facto
339 1583 572 1622 quamquam
595 1572 641 1610 de
663 1572 829 1622 singulis
850 1572 931 1611 fere
953 1571 1130 1623 apicibus
1151 1572 1368 1611 litterarum
1385 1572 1539 1612 abunde

115 1633 279 1674 constat,
303 1634 429 1666 tamen
445 1627 679 1670 Marinianas
694 1628 882 1667 lectiones
899 1634 1050 1667 tantum
1067 1641 1145 1667 non
1164 1641 1302 1668 omnes
1318 1628 1539 1668 adscribere

113 1684 239 1723 visum
270 1690 346 1722 est:
378 1696 466 1723 nam
497 1697 620 1735 pauca
650 1685 837 1736 quaedam
867 1685 1046 1723 videntur
1078 1692 1115 1723 et
1142 1685 1235 1724 hnic-
1268 1691 1306 1723 et
1324 1685 1539 1724 Niebuhrio

116 1739 257 1778 clarius
286 1740 377 1778 olim
407 1741 633 1791 apparuisse
664 1753 778 1791 quam
819 1753 926 1779 nunc
961 1748 1163 1792 apparent.
1214 1749 1372 1781 noverat
1412 1748 1540 1780 autem

117 1795 280 1834 schedas
310 1796 395 1835 illas
416 1796 650 1835 Marinianas
680 1797 932 1842 Garatonius,
964 1809 1039 1847 qua
1072 1797 1117 1835 de
1147 1809 1189 1836 re
1222 1798 1269 1836 cf.
1293 1797 1540 1849 Kreyssigius

119 1851 465 1891 Commentationis
486 1853 532 1891 de
555 1853 713 1892 Sallusti
733 1853 961 1904 fragmentis
982 1866 1021 1904 p.
1044 1854 1082 1892 7.

230 1928 358 1967 Habes
379 1930 510 1979 igitur,
531 1930 666 1978 lector,
692 1932 761 1970 has
781 1931 1108 1970 Sallustianorum
1137 1931 1326 1971 librorum
1357 1932 1542 1983 reliquias

119 1997 255 2024 omnes
282 1986 504 2034 recognitas
539 1987 585 2025 ad
619 1987 734 2026 fidem
769 1988 1020 2038 antiquorum
1054 1987 1258 2026 librorum.
1315 1988 1456 2040 quibus
1492 1989 1542 2028 ita

118 2053 214 2081 usus
236 2054 336 2088 sum,
359 2047 403 2080 ut
423 2042 587 2081 aliorum
608 2044 751 2082 meisve
773 2044 1010 2083 coniecturis
1040 2044 1268 2095 parcissime
1298 2044 1542 2084 indulserim.

120 2110 208 2137 nam
231 2097 478 2149 opinationes
496 2105 689 2147 extruere,
707 2100 818 2152 prius
834 2112 949 2152 quam
967 2101 1264 2140 fundamentum
1282 2113 1400 2153 opere
1418 2101 1542 2140 solido

119 2153 345 2200 muniveris,
370 2153 565 2194 lubricum
586 2162 644 2195 est
665 2169 737 2195 nec
759 2157 861 2196 volui
884 2157 987 2196 aliud
1009 2169 1124 2208 quam
1146 2157 1185 2195 id
1203 2158 1356 2196 efficere
1378 2164 1432 2205 ut,
1455 2157 1543 2208 qui-

119 2210 194 2249 hus
216 2210 335 2249 crisin
357 2211 516 2250 Sallusti
535 2217 700 2252 tractare
721 2214 968 2265 propositum
998 2220 1077 2260 est,
1107 2226 1153 2252 ex
1183 2213 1347 2253 turbidis
1377 2214 1543 2264 altisque

121 2266 400 2318 exemplarium
422 2267 521 2306 male
542 2267 733 2308 lectorum
761 2276 827 2308 aut
855 2282 1020 2321 prorsus
1049 2269 1246 2308 inutilium
1277 2271 1385 2321 quasi
1414 2270 1544 2310 flucti-

120 2321 200 2374 bus
216 2335 415 2373 emergere
436 2324 601 2375 possint.
642 2337 716 2364 nec
735 2332 865 2365 tamen
887 2326 1025 2365 stolide
1044 2332 1141 2377 puto
1162 2338 1224 2365 me
1247 2326 1424 2365 codicum
1445 2327 1543 2366 scri-

121 2384 257 2430 pturas
277 2379 501 2427 retinuisse,
524 2380 640 2419 immo
662 2381 830 2421 libenter
844 2382 975 2434 recepi
999 2387 1123 2421 certas
1145 2383 1436 2422 emendationes
1457 2395 1543 2422 cer-

121 2434 219 2473 tisve
239 2436 448 2486 proximas,
470 2436 590 2475 veluti
610 2437 657 2476 de
678 2439 917 2490 quibus‘ipsi
938 2445 1118 2478 auctores
1149 2439 1377 2490 propediem
1408 2440 1545 2491 dispu—

121 2490 261 2531 tabunt
288 2491 634 2531 Mommsenianam
663 2507 701 2545 p.
724 2495 789 2543 65,
818 2497 864 2536 13
898 2501 935 2534 et
962 2494 1255 2534 Htibnerianam
1285 2508 1323 2547 p.
1356 2497 1447 2544 118,
1477 2497 1543 2537 25.

235 2558 414 2610 Denique
435 2559 574 2611 gratias
594 2573 708 2612 agere
728 2574 857 2601 meum
874 2568 970 2613 puto
997 2562 1052 2601 eis
1080 2562 1183 2610 viris,
1207 2575 1374 2613 quorum
1392 2564 1546 2615 egregia
