1709 2885
78 683 115 714 10

75 964 112 996 15

70 1301 112 1333 20

71 1582 111 1614 25

69 1863 110 1895 30

69 2143 109 2176 35

639 66 694 100 DE
718 66 773 100 RE
798 65 980 99 PUBLICA
1003 66 1025 100 I.
1051 66 1078 99 II
1487 65 1564 105 135

144 169 244 209 idem
266 169 394 209 omnia
416 174 575 218 vastant,
608 182 697 209 suas
719 169 932 208 deserendo
953 169 1089 208 domos
1120 174 1157 207 et
1177 180 1248 220 per
1273 169 1452 208 iniuriam
1475 170 1566 209 alie-

146 238 213 265 nas
235 226 477 277 occupando.
511 226 602 265 item
623 239 685 273 ne,
708 225 765 265 uti
786 226 923 273 adhuc,
946 225 1081 264 militia
1105 224 1247 264 iniusta
1267 232 1332 264 aut
1354 226 1566 276 inaequalis
1590 233 1609 264 6

145 282 215 328 sit,
247 294 335 321 cum
355 282 418 320 alii
448 282 625 332 triginta,
657 294 746 333 pars
768 281 917 320 nullum
949 281 1186 332 stipendium
1216 282 1369 320 facient.
1411 288 1450 320 et
1484 282 1566 320 sru-

145 345 319 377 mentum
340 338 391 386 id,
424 339 528 388 quod
550 345 661 377 antea
684 338 898 389 praemium
927 337 1100 388 ignaviae
1128 337 1224 384 fuit,
1255 350 1326 388 per
1354 337 1567 388 municipia

145 401 184 433 et
203 394 374 433 colonias
394 394 470 433 illis
491 394 581 433 dare
602 394 818 442 conveniet,
845 394 909 445 qui
928 393 1133 444 stipendiis
1155 394 1325 433 emeritis
1347 394 1483 432 domos
1505 407 1566 432 re-

144 450 342 490 verterint.

257 506 362 551 Quae
393 507 448 545 rei
479 506 655 558 publicae
687 506 904 545 necessaria
934 505 1082 556 tibique
1113 505 1280 555 gloriosa
1319 511 1425 545 ratus
1465 518 1565 554 sum,
1590 514 1606 544 7

145 574 259 613 quam
277 563 520 613 paucissimis
533 562 690 614 apsolvi.
730 574 808 600 non
827 563 938 612 peius
959 562 1110 601 videtur
1125 575 1247 612 pauca
1274 575 1380 601 nunc
1397 562 1443 600 de
1464 562 1564 600 facto
1589 569 1607 601 8

144 631 230 657 meo
262 619 463 658 disserere.
509 619 687 670 plerique
716 618 896 657 mortales
932 619 978 657 ad
1010 618 1260 657 iudicandum
1298 618 1389 657 satis
1419 618 1565 668 ingenii
1590 625 1609 657 9

144 675 288 714 hahent
308 681 372 714 aut
394 675 595 714 simulant:
620 686 750 713 verum
782 675 885 712 enim
907 675 952 713 ad
974 675 1302 725 reprehendunda
1322 675 1448 713 aliena
1469 676 1566 713 sacta

143 737 210 769 aut
231 732 330 770 dicta
351 731 458 770 ardet
478 731 659 770 omnibus
679 731 852 777 animus,
884 731 943 769 vix
964 731 1054 769 satis
1076 736 1252 782 apertum
1275 743 1319 769 os
1343 737 1408 769 aut
1432 730 1566 780 lingua

142 794 322 839 prompta
339 788 498 833 videtur,
521 800 619 838 quae
640 787 818 826 meditata
839 794 996 838 pectore
1019 787 1174 826 evolvat.
1213 787 1354 838 quibus
1382 800 1444 826 me
1471 787 1564 826 sub-

143 843 285 883 iectum
315 843 418 882 haud
449 844 631 894 paenitet,
660 843 782 893 magis
811 843 1013 882 reticuisse
1043 843 1206 894 pigeret.
1258 855 1344 882 nam
1384 843 1463 882 sive
1493 843 1565 882 hac
1593 850 1628 881 10

143 912 212 938 seu
232 900 393 938 meliore
415 900 486 938 alia
506 900 562 938 via
584 912 735 950 pergeS,
773 912 792 937 a
813 911 875 938 me
897 900 1052 951 quidem
1077 912 1148 950 pro
1170 899 1268 938 virili
1290 906 1398 950 parte
1419 900 1565 938 dictum

143 962 180 994 et
202 956 374 995 adiutum
395 955 525 995 fuerit.
575 956 766 994 relicuum
796 962 853 994 est
882 962 1016 1007 optare
1038 957 1093 994 uti
1128 969 1225 1007 quae
1250 956 1320 994 tibi
1349 956 1567 1007 placuerint

142 1025 184 1051 ea
206 1012 243 1050 di
267 1012 502 1051 immortales
523 1012 740 1063 adprobent
763 1012 941 1063 beneque
963 1012 1118 1051 evenire
1139 1012 1281 1051 sinant.

706 1100 998 1144 EPISTULA.

255 1181 344 1220 Scio
367 1192 451 1230 ego,
482 1192 596 1230 quam
626 1180 780 1218 difficile
809 1186 922 1231 atque
946 1193 1128 1231 asperum
1155 1181 1259 1219 factu
1281 1180 1331 1219 sit
1359 1179 1567 1218 consilium
1592 1186 1613 1219 1
1642 1184 1690 1221 II

142 1238 231 1276 dare
242 1238 326 1287 regi
341 1242 406 1276 aut
417 1236 654 1287 imperatori,
673 1242 870 1287 postremo
889 1237 1100 1288 quoiquam
1122 1237 1287 1285 mortali,
1309 1236 1451 1287 quoius
1473 1248 1567 1287 opes

142 1295 182 1333 in
205 1294 356 1333 excelso
385 1300 491 1340 sunt,
512 1292 658 1343 quippe
687 1305 776 1331 cum
807 1299 843 1331 et
872 1293 946 1332 illis
977 1292 1246 1331 consultorum
1277 1293 1411 1343 copiae
1441 1293 1567 1332 adsint

141 1363 270 1413 neque
302 1350 348 1388 de
380 1350 512 1388 futuio
545 1348 750 1399 quisquam
782 1349 871 1388 satis
903 1349 1063 1388 callidus
1095 1350 1265 1399 satisque
1300 1349 1473 1400 prudens
1504 1349 1566 1387 sit.

141 1407 235 1458 quin
258 1406 371 1445 etiam
391 1418 506 1456 saepe
528 1417 643 1456 piava
667 1405 785 1456 magis
819 1417 934 1456 quam
955 1405 1058 1444 bona
1087 1406 1247 1444 consilia
1269 1417 1458 1456 prospere
1480 1417 1568 1443 eve

141 1464 267 1511 niunt,
291 1463 378 1513 quia
393 1463 600 1513 plerasque
621 1474 683 1500 res
699 1462 760 1500 foi
763 1469 854 1500 tuna
879 1475 925 1500 ex
948 1461 1108 1500 libidine
1128 1474 1197 1500 sua
1219 1462 1346 1511 agitat.
1383 1461 1451 1500 sed
1471 1461 1566 1500 mihi
1590 1470 1609 1500 3

141 1495 311 1558 studidm
332 1519 406 1557 suit
426 1518 718 1557 adulescentulo
739 1530 821 1556 leni
844 1518 1038 1568 publicam
1061 1530 1283 1568 capessere,
1316 1524 1432 1568 atque
1461 1518 1502 1556 in
1523 1529 1567 1556 ea

142 1575 415 1626 cognoscenda
443 1574 603 1613 multam
625 1586 884 1625 magnamque
907 1586 1039 1612 curam
1062 1574 1200 1613 habui:
1235 1586 1313 1612 non
1347 1574 1397 1612 ita
1425 1579 1467 1612 ut
1486 1586 1568 1612 ma-

140 1632 343 1682 gistratum
363 1630 478 1669 modo
502 1642 693 1682 caperem,
716 1642 832 1681 quem
853 1630 963 1668 multi
986 1631 1096 1669 malis
1118 1630 1266 1669 artibus
1293 1630 1421 1681 adepti
1444 1635 1566 1678 erant,

139 1688 207 1727 sed
228 1688 342 1727 etiam
363 1694 405 1726 ut
425 1699 505 1725 rem
528 1686 722 1738 publicam
755 1686 857 1724 dorni
888 1686 1124 1738 militiaeque
1155 1691 1422 1737 quantumque
1449 1687 1567 1725 armis

138 1744 230 1783 viris
267 1744 466 1795 opulentia
496 1748 630 1793 posset
658 1742 858 1792 cognitum
887 1742 1101 1781 habuerim.
1150 1743 1279 1793 itaque
1316 1742 1411 1780 mihi
1445 1742 1567 1781 multa
1589 1750 1609 1781 4

140 1812 227 1839 cum
250 1800 379 1839 animo
405 1799 563 1849 agitanti
594 1798 802 1837 consilium
832 1799 904 1836 fuit
932 1799 1070 1837 samam
1106 1798 1412 1849 modestiamque
1441 1810 1567 1837 meam

140 1863 230 1908 post
261 1862 364 1895 tuam
395 1854 619 1905 dignitatem
641 1855 797 1893 haberei
825 1860 862 1893 et
888 1854 1030 1905 quoius
1050 1855 1107 1893 rei
1128 1855 1235 1894 lubet
1263 1855 1482 1906 periculum
1515 1854 1567 1893 fa-

139 1924 248 1960 cere,
281 1912 372 1950 dum
394 1911 486 1962 quid
507 1911 575 1949 tibi
598 1924 644 1950 ex
674 1923 718 1949 eo
750 1910 894 1961 gloriae
923 1911 1118 1950 acciderit.
1169 1911 1286 1962 idque
1309 1923 1388 1949 non
1420 1916 1566 1950 temere
1590 1919 1609 1950 5

140 1981 269 2019 neque
287 1981 333 2006 ex
353 1968 509 2006 fortuna
525 1973 589 2005 tua
611 1967 775 2014 decrevi,
797 1967 863 2006 sed
878 1967 967 2018 quia
988 1968 1029 2006 in
1049 1974 1087 2006 te
1109 1973 1264 2018 praeter
1280 1973 1428 2006 ceteras
1444 1973 1567 2006 artem

138 2037 256 2064 unam
278 2024 432 2075 egregie
453 2023 668 2062 mirabilem
690 2023 875 2074 comperi,
902 2036 1058 2075 semper
1076 2023 1145 2062 tibi
1162 2024 1349 2062 maiorem
1369 2024 1408 2062 in
1431 2024 1566 2062 adver-

139 2081 192 2120 sis
214 2093 330 2131 quam
352 2081 392 2118 in
414 2079 596 2118 secundis
618 2080 736 2118 rebus
756 2080 928 2119 animum
950 2093 1047 2119 esse.
1085 2080 1151 2119 sed
1168 2093 1240 2131 per
1256 2087 1406 2119 ceteros
1421 2085 1566 2118 mortaÎ‡
1587 2087 1607 2118 6

139 2137 188 2176 lis
209 2137 270 2176 illa
293 2149 354 2175 res
376 2135 517 2174 clarior
537 2142 612 2183 est,
643 2136 747 2187 quod
767 2136 877 2187 prius
899 2137 1039 2175 defessi
1060 2143 1153 2175 sunt
1173 2136 1354 2175 homines
1374 2136 1566 2175 laudando

138 2200 254 2244 atque
276 2192 499 2231 admirando
521 2192 825 2231 munificentiam
844 2199 963 2241 tuam,
991 2205 1106 2244 quam
1127 2198 1169 2231 tu
1191 2193 1232 2231 in
1256 2192 1437 2231 faciundo
1468 2204 1566 2243 quae

139 2250 261 2301 gloria
277 2250 395 2300 digna
412 2254 554 2288 essent.
596 2249 773 2300 equidem
794 2248 888 2287 mihi
909 2250 1108 2288 decretum
1130 2255 1189 2288 est
1210 2249 1307 2287 nihil
1328 2254 1405 2287 tam
1426 2261 1473 2287 ex
1489 2249 1564 2287 alto
1587 2252 1612 2288 2

231 2363 249 2394 3
275 2371 322 2392 an
347 2359 498 2392 taciuntâ¹
514 2358 526 2401 ss
545 2359 564 2390 S
593 2357 689 2401 peius
719 2362 949 2412 eorrfcptum?
976 2358 988 2401 Î™Î™
1011 2361 1049 2391 12
1080 2359 1241 2392 meditata
1266 2362 1402 2402 pectore
1428 2358 1567 2391 euoluat

137 2403 261 2445 fuisse
292 2407 354 2447 qui
383 2405 437 2445 leg
416 2403 568 2436 avendum
593 2400 806 2436 conicerentâ€™
840 2404 927 2436 (lic-tt
955 2403 1099 2445 Car7Î‡,1'o
1131 2404 1256 2437 medita
1288 2409 1424 2446 pectore
1453 2403 1567 2436 euolat

142 2451 179 2484 V
189 2450 201 2494 Î™Î™
233 2452 271 2483 17
303 2448 512 2482 EPISTULA
547 2450 730 2499 inscripsi.-
756 2449 907 2481 duorum
938 2449 1191 2482 versiculorum
1215 2451 1368 2491 spatium
1391 2459 1462 2480 non
1487 2459 1568 2481 con-

139 2497 310 2538 scriptum
326 2497 364 2526 in
383 2494 423 2527 -V
436 2493 446 2537 Î—
465 2495 505 2526 28
525 2493 694 2535 cognitam
713 2495 750 2525 in
769 2494 905 2535 aliquot
921 2494 1015 2526 editt.
1032 2493 1150 2532 fertur
1169 2494 1180 2537 Î™Î™
1198 2496 1237 2527 31
1265 2493 1440 2526 accederet
1455 2493 1569 2526 Aldus

139 2541 152 2585 Î—
176 2543 217 2575 36
244 2539 373 2584 quantu
397 2539 431 2571 in
456 2538 613 2571 faciundo
640 2539 681 2579 V,
706 2538 740 2571 in
765 2539 892 2571 delerit
914 2538 1062 2580 Laetus,
1094 2542 1132 2571 at
1155 2538 1200 2578 cf.
1223 2549 1258 2581 p.
1277 2538 1409 2581 133,28
