<?xml version="1.0" encoding="UTF-8"?>
<!DOCTYPE html PUBLIC "-//W3C//DTD XHTML 1.0 Transitional//EN"
    "http://www.w3.org/TR/xhtml1/DTD/xhtml1-transitional.dtd">
<html xmlns="http://www.w3.org/1999/xhtml" xml:lang="en" lang="en">
 <head>
  <title>
</title>
<meta http-equiv="Content-Type" content="text/html;charset=utf-8" />
  <meta name='ocr-system' content='tesseract 3.04.00' />
  <meta name='ocr-capabilities' content='ocr_page ocr_carea ocr_par ocr_line ocrx_word'/>
</head>
<body>
  <div class='ocr_page' id='page_1' title='image "./catilinajugurtha00salluoft_0106.png"; bbox 0 0 1709 2885; ppageno 0'>
   <div class='ocr_carea' id='block_1_1' title="bbox 133 1021 1611 1070">
    <p class='ocr_par' dir='ltr' id='par_1_1' title="bbox 133 1021 1611 1070">
     <span class='ocr_line' id='line_1_1' title="bbox 133 1021 1611 1070; baseline 0.003 -11"><span class='ocrx_word' id='word_1_1' title='bbox 133 1027 175 1060; x_wconf 70' lang='lat'>71</span> <span class='ocrx_word' id='word_1_2' title='bbox 199 1021 338 1060; x_wconf 89' lang='lat' dir='ltr'>mallet.</span> <span class='ocrx_word' id='word_1_3' title='bbox 381 1023 447 1061; x_wconf 90' lang='lat' dir='ltr'>sed</span> <span class='ocrx_word' id='word_1_4' title='bbox 469 1035 556 1061; x_wconf 90' lang='lat' dir='ltr'>cum</span> <span class='ocrx_word' id='word_1_5' title='bbox 581 1035 645 1062; x_wconf 85' lang='lat' dir='ltr'>eae</span> <span class='ocrx_word' id='word_1_6' title='bbox 667 1024 815 1062; x_wconf 77' lang='lat' dir='ltr'>litterae</span> <span class='ocrx_word' id='word_1_7' title='bbox 835 1022 993 1070; x_wconf 76' lang='lat' dir='ltr'>adlatae,</span> <span class='ocrx_word' id='word_1_8' title='bbox 1016 1024 1114 1061; x_wconf 82' lang='lat' dir='ltr'>sorte</span> <span class='ocrx_word' id='word_1_9' title='bbox 1134 1022 1320 1062; x_wconf 84' lang='lat' dir='ltr'>Nabdalsa</span> <span class='ocrx_word' id='word_1_10' title='bbox 1340 1024 1506 1063; x_wconf 84' lang='lat' dir='ltr'>exercito</span> <span class='ocrx_word' id='word_1_11' title='bbox 1524 1036 1611 1063; x_wconf 88' lang='lat' dir='ltr'>cor-</span> 
     </span>
    </p>
   </div>
   <div class='ocr_carea' id='block_1_2' title="bbox 155 1085 173 1116">
    <p class='ocr_par' dir='ltr' id='par_1_2' title="bbox 155 1085 173 1116">
     <span class='ocr_line' id='line_1_2' title="bbox 155 1085 173 1116; baseline 0 0"><span class='ocrx_word' id='word_1_12' title='bbox 155 1085 173 1116; x_wconf 87' lang='lat'><strong>2</strong></span> 
     </span>
    </p>
   </div>
   <div class='ocr_carea' id='block_1_3' title="bbox 155 1135 1612 1187">
    <p class='ocr_par' dir='ltr' id='par_1_3' title="bbox 155 1135 1612 1187">
     <span class='ocr_line' id='line_1_3' title="bbox 155 1135 1612 1187; baseline 0.001 -14"><span class='ocrx_word' id='word_1_13' title='bbox 155 1141 174 1173; x_wconf 87' lang='lat'><strong>3</strong></span> <span class='ocrx_word' id='word_1_14' title='bbox 198 1146 261 1172; x_wconf 94' lang='lat' dir='ltr'>mo</span> <span class='ocrx_word' id='word_1_15' title='bbox 278 1147 390 1182; x_wconf 89' lang='lat' dir='ltr'>cura,</span> <span class='ocrx_word' id='word_1_16' title='bbox 413 1135 571 1184; x_wconf 89' lang='lat' dir='ltr'>deinde,</span> <span class='ocrx_word' id='word_1_17' title='bbox 595 1136 649 1174; x_wconf 90' lang='lat' dir='ltr'>uti</span> <span class='ocrx_word' id='word_1_18' title='bbox 671 1148 828 1186; x_wconf 88' lang='lat' dir='ltr'>aegrum</span> <span class='ocrx_word' id='word_1_19' title='bbox 850 1135 1021 1174; x_wconf 88' lang='lat' dir='ltr'>animum</span> <span class='ocrx_word' id='word_1_20' title='bbox 1044 1135 1161 1182; x_wconf 87' lang='lat' dir='ltr'>solet,</span> <span class='ocrx_word' id='word_1_21' title='bbox 1192 1147 1353 1174; x_wconf 90' lang='lat' dir='ltr'>somnus</span> <span class='ocrx_word' id='word_1_22' title='bbox 1377 1136 1490 1187; x_wconf 90' lang='lat' dir='ltr'>cepit.</span> <span class='ocrx_word' id='word_1_23' title='bbox 1532 1142 1612 1176; x_wconf 86' lang='lat' dir='ltr'>erat</span> 
     </span>
    </p>
   </div>
   <div class='ocr_carea' id='block_1_4' title="bbox 154 1247 1687 1299">
    <p class='ocr_par' dir='ltr' id='par_1_4' title="bbox 154 1247 1687 1299">
     <span class='ocr_line' id='line_1_4' title="bbox 154 1247 1687 1299; baseline 0.001 -13"><span class='ocrx_word' id='word_1_24' title='bbox 154 1255 173 1286; x_wconf 83' lang='grc'>4</span> <span class='ocrx_word' id='word_1_25' title='bbox 199 1247 304 1286; x_wconf 89' lang='lat' dir='ltr'>nium</span> <span class='ocrx_word' id='word_1_26' title='bbox 324 1248 575 1286; x_wconf 90' lang='lat' dir='ltr'>consiliorum</span> <span class='ocrx_word' id='word_1_27' title='bbox 596 1248 669 1287; x_wconf 89' lang='lat' dir='ltr'>nisi</span> <span class='ocrx_word' id='word_1_28' title='bbox 688 1247 898 1286; x_wconf 81' lang='lat' dir='ltr'>novissumi</span> <span class='ocrx_word' id='word_1_29' title='bbox 914 1248 1121 1298; x_wconf 80' lang='lat' dir='ltr'>particeps.</span> <span class='ocrx_word' id='word_1_30' title='bbox 1162 1248 1228 1298; x_wconf 87' lang='lat' dir='ltr'>qui</span> <span class='ocrx_word' id='word_1_31' title='bbox 1246 1253 1450 1299; x_wconf 80' lang='lat' dir='ltr'>postquam</span> <span class='ocrx_word' id='word_1_32' title='bbox 1469 1249 1611 1288; x_wconf 88' lang='lat' dir='ltr'>adlatas</span> <span class='ocrx_word' id='word_1_33' title='bbox 1640 1254 1687 1287; x_wconf 48' lang='lat'>20&gt;</span> 
     </span>
    </p>
   </div>
   <div class='ocr_carea' id='block_1_5' title="bbox 152 1481 170 1511">
    <p class='ocr_par' dir='ltr' id='par_1_5' title="bbox 152 1481 170 1511">
     <span class='ocr_line' id='line_1_5' title="bbox 152 1481 170 1511; baseline 0 0"><span class='ocrx_word' id='word_1_34' title='bbox 152 1481 170 1511; x_wconf 83' lang='lat'>5</span> 
     </span>
    </p>
   </div>
   <div class='ocr_carea' id='block_1_6' title="bbox 125 1815 170 1850">
    <p class='ocr_par' dir='ltr' id='par_1_6' title="bbox 125 1815 170 1850">
     <span class='ocr_line' id='line_1_6' title="bbox 125 1815 170 1850; baseline 0 0"><span class='ocrx_word' id='word_1_35' title='bbox 125 1815 170 1850; x_wconf 78' lang='lat'>72</span> 
     </span>
    </p>
   </div>
   <div class='ocr_carea' id='block_1_7' title="bbox 203 71 1122 110">
    <p class='ocr_par' dir='ltr' id='par_1_7' title="bbox 203 71 1122 110">
     <span class='ocr_line' id='line_1_7' title="bbox 203 71 1122 110; baseline -0.001 0"><span class='ocrx_word' id='word_1_36' title='bbox 203 71 253 110; x_wconf 81' lang='grc'>80</span> <span class='ocrx_word' id='word_1_37' title='bbox 709 74 742 108; x_wconf 92' lang='lat' dir='ltr'>C.</span> <span class='ocrx_word' id='word_1_38' title='bbox 759 73 963 108; x_wconf 74' lang='lat' dir='ltr'>SALLUSTI</span> <span class='ocrx_word' id='word_1_39' title='bbox 987 74 1122 109; x_wconf 87' lang='lat' dir='ltr'>CRISPI</span> 
     </span>
    </p>
   </div>
   <div class='ocr_carea' id='block_1_8' title="bbox 197 178 1689 1023">
    <p class='ocr_par' dir='ltr' id='par_1_8' title="bbox 197 178 1689 1023">
     <span class='ocr_line' id='line_1_8' title="bbox 201 178 1612 231; baseline 0.003 -15"><span class='ocrx_word' id='word_1_40' title='bbox 201 178 286 224; x_wconf 91' lang='lat' dir='ltr'>bus,</span> <span class='ocrx_word' id='word_1_41' title='bbox 309 189 439 217; x_wconf 87' lang='lat' dir='ltr'>carum</span> <span class='ocrx_word' id='word_1_42' title='bbox 462 185 742 229; x_wconf 88' lang='lat' dir='ltr'>acceptumque</span> <span class='ocrx_word' id='word_1_43' title='bbox 763 178 1018 229; x_wconf 89' lang='lat' dir='ltr'>popularibus</span> <span class='ocrx_word' id='word_1_44' title='bbox 1037 178 1138 226; x_wconf 89' lang='lat' dir='ltr'>suis,</span> <span class='ocrx_word' id='word_1_45' title='bbox 1162 179 1228 229; x_wconf 88' lang='lat' dir='ltr'>qui</span> <span class='ocrx_word' id='word_1_46' title='bbox 1249 180 1479 231; x_wconf 89' lang='lat' dir='ltr'>plerumque</span> <span class='ocrx_word' id='word_1_47' title='bbox 1503 192 1612 220; x_wconf 87' lang='lat' dir='ltr'>seor·</span> 
     </span>
     <span class='ocr_line' id='line_1_9' title="bbox 200 234 1611 286; baseline 0.002 -13"><span class='ocrx_word' id='word_1_48' title='bbox 200 246 285 273; x_wconf 87' lang='lat' dir='ltr'>sum</span> <span class='ocrx_word' id='word_1_49' title='bbox 307 234 352 273; x_wconf 90' lang='lat' dir='ltr'>ab</span> <span class='ocrx_word' id='word_1_50' title='bbox 375 246 466 285; x_wconf 87' lang='lat' dir='ltr'>rege</span> <span class='ocrx_word' id='word_1_51' title='bbox 488 234 697 273; x_wconf 82' lang='lat' dir='ltr'>exercitum</span> <span class='ocrx_word' id='word_1_52' title='bbox 719 234 876 274; x_wconf 88' lang='lat' dir='ltr'>ductare</span> <span class='ocrx_word' id='word_1_53' title='bbox 898 240 934 273; x_wconf 90' lang='lat' dir='ltr'>et</span> <span class='ocrx_word' id='word_1_54' title='bbox 956 234 1082 273; x_wconf 91' lang='lat' dir='ltr'>omnis</span> <span class='ocrx_word' id='word_1_55' title='bbox 1103 247 1165 273; x_wconf 93' lang='lat' dir='ltr'>res</span> <span class='ocrx_word' id='word_1_56' title='bbox 1184 237 1322 286; x_wconf 82' lang='lat' dir='ltr'>exequi</span> <span class='ocrx_word' id='word_1_57' title='bbox 1352 237 1489 276; x_wconf 90' lang='lat' dir='ltr'>solitus</span> <span class='ocrx_word' id='word_1_58' title='bbox 1519 244 1611 285; x_wconf 90' lang='lat' dir='ltr'>erat,</span> 
     </span>
     <span class='ocr_line' id='line_1_10' title="bbox 201 289 1612 343; baseline 0.004 -15"><span class='ocrx_word' id='word_1_59' title='bbox 201 302 298 341; x_wconf 88' lang='lat' dir='ltr'>quae</span> <span class='ocrx_word' id='word_1_60' title='bbox 328 289 538 340; x_wconf 76' lang='lat' dir='ltr'>Iugurthae</span> <span class='ocrx_word' id='word_1_61' title='bbox 566 291 668 329; x_wconf 84' lang='lat' dir='ltr'>sesso</span> <span class='ocrx_word' id='word_1_62' title='bbox 698 297 762 329; x_wconf 89' lang='lat' dir='ltr'>aut</span> <span class='ocrx_word' id='word_1_63' title='bbox 790 290 1000 330; x_wconf 90' lang='lat' dir='ltr'>maioribus</span> <span class='ocrx_word' id='word_1_64' title='bbox 1030 291 1212 330; x_wconf 88' lang='lat' dir='ltr'>adstricto</span> <span class='ocrx_word' id='word_1_65' title='bbox 1241 299 1533 343; x_wconf 86' lang='lat' dir='ltr'>superaverant:</span> <span class='ocrx_word' id='word_1_66' title='bbox 1567 305 1612 333; x_wconf 85' lang='lat' dir='ltr'>ex</span> 
     </span>
     <span class='ocr_line' id='line_1_11' title="bbox 201 346 1612 399; baseline 0.004 -15"><span class='ocrx_word' id='word_1_67' title='bbox 201 358 278 397; x_wconf 90' lang='lat' dir='ltr'>quo</span> <span class='ocrx_word' id='word_1_68' title='bbox 308 346 362 384; x_wconf 94' lang='lat' dir='ltr'>illi</span> <span class='ocrx_word' id='word_1_69' title='bbox 391 347 512 397; x_wconf 88' lang='lat' dir='ltr'>gloria</span> <span class='ocrx_word' id='word_1_70' title='bbox 543 358 715 398; x_wconf 85' lang='lat' dir='ltr'>opesque</span> <span class='ocrx_word' id='word_1_71' title='bbox 748 347 936 386; x_wconf 82' lang='lat' dir='ltr'>inventae.</span> <span class='ocrx_word' id='word_1_72' title='bbox 978 347 1096 398; x_wconf 88' lang='lat' dir='ltr'>igitur</span> <span class='ocrx_word' id='word_1_73' title='bbox 1118 347 1321 399; x_wconf 87' lang='lat' dir='ltr'>utriusque</span> <span class='ocrx_word' id='word_1_74' title='bbox 1343 349 1505 388; x_wconf 86' lang='lat' dir='ltr'>consilio</span> <span class='ocrx_word' id='word_1_75' title='bbox 1532 349 1612 389; x_wconf 87' lang='lat' dir='ltr'>dies</span> 
     </span>
     <span class='ocr_line' id='line_1_12' title="bbox 200 402 1661 457; baseline 0.003 -17"><span class='ocrx_word' id='word_1_76' title='bbox 200 402 349 441; x_wconf 85' lang='lat' dir='ltr'>insidiis</span> <span class='ocrx_word' id='word_1_77' title='bbox 371 404 563 442; x_wconf 84' lang='lat' dir='ltr'>statuitur.</span> <span class='ocrx_word' id='word_1_78' title='bbox 605 408 743 449; x_wconf 86' lang='lat' dir='ltr'>cetera,</span> <span class='ocrx_word' id='word_1_79' title='bbox 768 404 821 442; x_wconf 89' lang='lat' dir='ltr'>uti</span> <span class='ocrx_word' id='word_1_80' title='bbox 845 415 906 442; x_wconf 91' lang='lat' dir='ltr'>res</span> <span class='ocrx_word' id='word_1_81' title='bbox 926 409 1115 454; x_wconf 85' lang='lat' dir='ltr'>posceret,</span> <span class='ocrx_word' id='word_1_82' title='bbox 1135 416 1178 441; x_wconf 82' lang='lat' dir='ltr'>ex</span> <span class='ocrx_word' id='word_1_83' title='bbox 1196 410 1367 455; x_wconf 90' lang='lat' dir='ltr'>tempore</span> <span class='ocrx_word' id='word_1_84' title='bbox 1388 407 1512 456; x_wconf 87' lang='lat' dir='ltr'>parari</span> <span class='ocrx_word' id='word_1_85' title='bbox 1529 406 1611 457; x_wconf 92' lang='lat' dir='ltr'>pla·</span> <span class='ocrx_word' id='word_1_86' title='bbox 1641 413 1661 444; x_wconf 87' lang='lat'><strong>5</strong></span> 
     </span>
     <span class='ocr_line' id='line_1_13' title="bbox 200 458 1674 510; baseline 0.002 -12"><span class='ocrx_word' id='word_1_87' title='bbox 200 458 291 498; x_wconf 83' lang='lat' dir='ltr'>cuit.</span> <span class='ocrx_word' id='word_1_88' title='bbox 332 458 521 498; x_wconf 86' lang='lat' dir='ltr'>Nabdalsa</span> <span class='ocrx_word' id='word_1_89' title='bbox 543 459 589 498; x_wconf 90' lang='lat' dir='ltr'>ad</span> <span class='ocrx_word' id='word_1_90' title='bbox 611 460 821 498; x_wconf 84' lang='lat' dir='ltr'>exercitum</span> <span class='ocrx_word' id='word_1_91' title='bbox 845 461 1062 510; x_wconf 80' lang='lat' dir='ltr'>profectus,</span> <span class='ocrx_word' id='word_1_92' title='bbox 1085 472 1200 510; x_wconf 88' lang='lat' dir='ltr'>quem</span> <span class='ocrx_word' id='word_1_93' title='bbox 1223 460 1323 499; x_wconf 84' lang='lat' dir='ltr'>inter</span> <span class='ocrx_word' id='word_1_94' title='bbox 1352 461 1513 500; x_wconf 87' lang='lat' dir='ltr'>hiberna</span> <span class='ocrx_word' id='word_1_95' title='bbox 1534 461 1612 501; x_wconf 89' lang='lat' dir='ltr'>Ro·</span> <span class='ocrx_word' id='word_1_96' title='bbox 1671 462 1674 466; x_wconf 87' lang='grc'>’</span> 
     </span>
     <span class='ocr_line' id='line_1_14' title="bbox 200 515 1613 567; baseline 0.005 -14"><span class='ocrx_word' id='word_1_97' title='bbox 200 527 403 554; x_wconf 89' lang='lat' dir='ltr'>manorum</span> <span class='ocrx_word' id='word_1_98' title='bbox 434 515 562 554; x_wconf 85' lang='lat' dir='ltr'>iussus</span> <span class='ocrx_word' id='word_1_99' title='bbox 592 515 775 563; x_wconf 86' lang='lat' dir='ltr'>habebat,</span> <span class='ocrx_word' id='word_1_100' title='bbox 808 528 856 555; x_wconf 90' lang='lat' dir='ltr'>ne</span> <span class='ocrx_word' id='word_1_101' title='bbox 890 528 981 567; x_wconf 87' lang='lat' dir='ltr'>ager</span> <span class='ocrx_word' id='word_1_102' title='bbox 1016 516 1149 555; x_wconf 85' lang='lat' dir='ltr'>inultis</span> <span class='ocrx_word' id='word_1_103' title='bbox 1177 517 1353 556; x_wconf 84' lang='lat' dir='ltr'>hostibus</span> <span class='ocrx_word' id='word_1_104' title='bbox 1389 523 1613 560; x_wconf 82' lang='lat' dir='ltr'>vastaretur.</span> 
     </span>
     <span class='ocr_line' id='line_1_15' title="bbox 200 571 1613 624; baseline 0.004 -15"><span class='ocrx_word' id='word_1_105' title='bbox 200 572 231 609; x_wconf 88' lang='lat' dir='ltr'>is</span> <span class='ocrx_word' id='word_1_106' title='bbox 254 577 457 622; x_wconf 83' lang='lat' dir='ltr'>postquam</span> <span class='ocrx_word' id='word_1_107' title='bbox 480 572 747 622; x_wconf 83' lang='lat' dir='ltr'>magnitudine</span> <span class='ocrx_word' id='word_1_108' title='bbox 768 571 950 611; x_wconf 80' lang='lat' dir='ltr'>facinoris</span> <span class='ocrx_word' id='word_1_109' title='bbox 972 573 1176 623; x_wconf 86' lang='lat' dir='ltr'>perculsus</span> <span class='ocrx_word' id='word_1_110' title='bbox 1197 573 1243 611; x_wconf 91' lang='lat' dir='ltr'>ad</span> <span class='ocrx_word' id='word_1_111' title='bbox 1263 580 1418 624; x_wconf 86' lang='lat' dir='ltr'>tempus</span> <span class='ocrx_word' id='word_1_112' title='bbox 1448 587 1528 613; x_wconf 89' lang='lat' dir='ltr'>non</span> <span class='ocrx_word' id='word_1_113' title='bbox 1549 587 1613 614; x_wconf 90' lang='lat' dir='ltr'>ve-</span> 
     </span>
     <span class='ocr_line' id='line_1_16' title="bbox 200 627 1613 682; baseline 0.004 -17"><span class='ocrx_word' id='word_1_114' title='bbox 200 627 256 665; x_wconf 88' lang='lat' dir='ltr'>nit</span> <span class='ocrx_word' id='word_1_115' title='bbox 286 635 491 678; x_wconf 88' lang='lat' dir='ltr'>metusque</span> <span class='ocrx_word' id='word_1_116' title='bbox 520 640 602 667; x_wconf 88' lang='lat' dir='ltr'>rem</span> <span class='ocrx_word' id='word_1_117' title='bbox 634 627 874 679; x_wconf 86' lang='lat' dir='ltr'>inpediebat,</span> <span class='ocrx_word' id='word_1_118' title='bbox 900 628 1090 667; x_wconf 86' lang='lat' dir='ltr'>Bomilcar</span> <span class='ocrx_word' id='word_1_119' title='bbox 1120 629 1234 668; x_wconf 81' lang='lat' dir='ltr'>simul</span> <span class='ocrx_word' id='word_1_120' title='bbox 1264 630 1429 680; x_wconf 86' lang='lat' dir='ltr'>cupidus</span> <span class='ocrx_word' id='word_1_121' title='bbox 1458 632 1613 682; x_wconf 87' lang='lat' dir='ltr'>incepta</span> 
     </span>
     <span class='ocr_line' id='line_1_17' title="bbox 198 683 1657 734; baseline 0.001 -12"><span class='ocrx_word' id='word_1_122' title='bbox 198 683 373 734; x_wconf 88' lang='lat' dir='ltr'>patrandi</span> <span class='ocrx_word' id='word_1_123' title='bbox 402 690 439 722; x_wconf 92' lang='lat' dir='ltr'>et</span> <span class='ocrx_word' id='word_1_124' title='bbox 468 685 605 723; x_wconf 89' lang='lat' dir='ltr'>timore</span> <span class='ocrx_word' id='word_1_125' title='bbox 626 685 706 723; x_wconf 89' lang='lat' dir='ltr'>soci</span> <span class='ocrx_word' id='word_1_126' title='bbox 728 685 876 730; x_wconf 87' lang='lat' dir='ltr'>anxius,</span> <span class='ocrx_word' id='word_1_127' title='bbox 900 698 948 724; x_wconf 90' lang='lat' dir='ltr'>ne</span> <span class='ocrx_word' id='word_1_128' title='bbox 970 686 1112 724; x_wconf 89' lang='lat' dir='ltr'>omisso</span> <span class='ocrx_word' id='word_1_129' title='bbox 1142 692 1266 724; x_wconf 80' lang='lat' dir='ltr'>vetere</span> <span class='ocrx_word' id='word_1_130' title='bbox 1287 686 1449 725; x_wconf 82' lang='lat' dir='ltr'>consilio</span> <span class='ocrx_word' id='word_1_131' title='bbox 1472 699 1611 726; x_wconf 92' lang='lat' dir='ltr'>novom</span> <span class='ocrx_word' id='word_1_132' title='bbox 1644 692 1657 724; x_wconf 85' lang='lat'>1</span> 
     </span>
     <span class='ocr_line' id='line_1_18' title="bbox 198 741 1612 794; baseline 0.004 -18"><span class='ocrx_word' id='word_1_133' title='bbox 198 748 412 790; x_wconf 84' lang='lat' dir='ltr'>quaereret,</span> <span class='ocrx_word' id='word_1_134' title='bbox 434 741 580 779; x_wconf 86' lang='lat' dir='ltr'>litteras</span> <span class='ocrx_word' id='word_1_135' title='bbox 601 741 647 779; x_wconf 89' lang='lat' dir='ltr'>ad</span> <span class='ocrx_word' id='word_1_136' title='bbox 669 753 757 780; x_wconf 87' lang='lat' dir='ltr'>eum</span> <span class='ocrx_word' id='word_1_137' title='bbox 778 753 848 792; x_wconf 89' lang='lat' dir='ltr'>per</span> <span class='ocrx_word' id='word_1_138' title='bbox 869 741 1046 780; x_wconf 87' lang='lat' dir='ltr'>homines</span> <span class='ocrx_word' id='word_1_139' title='bbox 1062 741 1184 780; x_wconf 82' lang='lat' dir='ltr'>tidelis</span> <span class='ocrx_word' id='word_1_140' title='bbox 1201 742 1328 790; x_wconf 87' lang='lat' dir='ltr'>mittit,</span> <span class='ocrx_word' id='word_1_141' title='bbox 1352 743 1390 781; x_wconf 88' lang='lat' dir='ltr'>in</span> <span class='ocrx_word' id='word_1_142' title='bbox 1414 743 1500 794; x_wconf 89' lang='lat' dir='ltr'>quis</span> <span class='ocrx_word' id='word_1_143' title='bbox 1514 744 1612 782; x_wconf 90' lang='lat' dir='ltr'>mol-</span> 
     </span>
     <span class='ocr_line' id='line_1_19' title="bbox 198 796 1611 849; baseline 0.003 -15"><span class='ocrx_word' id='word_1_144' title='bbox 198 796 318 835; x_wconf 89' lang='lat' dir='ltr'>litiam</span> <span class='ocrx_word' id='word_1_145' title='bbox 339 797 633 848; x_wconf 84' lang='lat' dir='ltr'>socordiamque</span> <span class='ocrx_word' id='word_1_146' title='bbox 654 797 722 836; x_wconf 86' lang='lat' dir='ltr'>viri</span> <span class='ocrx_word' id='word_1_147' title='bbox 744 810 938 845; x_wconf 87' lang='lat' dir='ltr'>accusare,</span> <span class='ocrx_word' id='word_1_148' title='bbox 961 799 1089 836; x_wconf 88' lang='lat' dir='ltr'>testari</span> <span class='ocrx_word' id='word_1_149' title='bbox 1112 798 1217 845; x_wconf 81' lang='lat' dir='ltr'>deos,</span> <span class='ocrx_word' id='word_1_150' title='bbox 1240 810 1311 848; x_wconf 87' lang='lat' dir='ltr'>per</span> <span class='ocrx_word' id='word_1_151' title='bbox 1331 810 1429 849; x_wconf 89' lang='lat' dir='ltr'>quos</span> <span class='ocrx_word' id='word_1_152' title='bbox 1451 799 1611 839; x_wconf 89' lang='lat' dir='ltr'>iuravis-</span> 
     </span>
     <span class='ocr_line' id='line_1_20' title="bbox 197 853 1612 905; baseline 0.003 -14"><span class='ocrx_word' id='word_1_153' title='bbox 197 859 266 899; x_wconf 88' lang='lat' dir='ltr'>set,</span> <span class='ocrx_word' id='word_1_154' title='bbox 289 865 449 892; x_wconf 89' lang='lat' dir='ltr'>monere</span> <span class='ocrx_word' id='word_1_155' title='bbox 471 866 519 892; x_wconf 90' lang='lat' dir='ltr'>ne</span> <span class='ocrx_word' id='word_1_156' title='bbox 540 853 709 904; x_wconf 87' lang='lat' dir='ltr'>praemia</span> <span class='ocrx_word' id='word_1_157' title='bbox 724 853 865 893; x_wconf 88' lang='lat' dir='ltr'>Metelli</span> <span class='ocrx_word' id='word_1_158' title='bbox 883 854 920 892; x_wconf 92' lang='lat' dir='ltr'>in</span> <span class='ocrx_word' id='word_1_159' title='bbox 938 859 1086 905; x_wconf 85' lang='lat' dir='ltr'>pestem</span> <span class='ocrx_word' id='word_1_160' title='bbox 1107 860 1363 893; x_wconf 86' lang='lat' dir='ltr'>convorteret.</span> <span class='ocrx_word' id='word_1_161' title='bbox 1403 855 1612 905; x_wconf 78' lang='lat' dir='ltr'>Iugurthae</span> 
     </span>
     <span class='ocr_line' id='line_1_21' title="bbox 198 909 1689 961; baseline 0.001 -13"><span class='ocrx_word' id='word_1_162' title='bbox 198 909 355 948; x_wconf 87' lang='lat' dir='ltr'>exitium</span> <span class='ocrx_word' id='word_1_163' title='bbox 376 910 521 957; x_wconf 86' lang='lat' dir='ltr'>adesse,</span> <span class='ocrx_word' id='word_1_164' title='bbox 544 916 715 949; x_wconf 88' lang='lat' dir='ltr'>ceterum</span> <span class='ocrx_word' id='word_1_165' title='bbox 737 923 855 949; x_wconf 88' lang='lat' dir='ltr'>suane</span> <span class='ocrx_word' id='word_1_166' title='bbox 877 923 924 949; x_wconf 90' lang='lat' dir='ltr'>an</span> <span class='ocrx_word' id='word_1_167' title='bbox 948 910 1088 949; x_wconf 90' lang='lat' dir='ltr'>Metelli</span> <span class='ocrx_word' id='word_1_168' title='bbox 1110 911 1249 950; x_wconf 90' lang='lat' dir='ltr'>virtute</span> <span class='ocrx_word' id='word_1_169' title='bbox 1267 911 1424 961; x_wconf 87' lang='lat' dir='ltr'>periret,</span> <span class='ocrx_word' id='word_1_170' title='bbox 1441 911 1478 950; x_wconf 93' lang='lat' dir='ltr'>id</span> <span class='ocrx_word' id='word_1_171' title='bbox 1495 911 1611 951; x_wconf 91' lang='lat' dir='ltr'>modo</span> <span class='ocrx_word' id='word_1_172' title='bbox 1687 957 1689 960; x_wconf 27' lang='lat'>¹</span> 
     </span>
     <span class='ocr_line' id='line_1_22' title="bbox 197 961 1689 1023; baseline 0.001 -20"><span class='ocrx_word' id='word_1_173' title='bbox 197 965 351 1015; x_wconf 89' lang='lat' dir='ltr'>agitari;</span> <span class='ocrx_word' id='word_1_174' title='bbox 375 966 539 1016; x_wconf 87' lang='lat' dir='ltr'>proinde</span> <span class='ocrx_word' id='word_1_175' title='bbox 559 972 758 1018; x_wconf 87' lang='lat' dir='ltr'>reputaret</span> <span class='ocrx_word' id='word_1_176' title='bbox 779 978 866 1005; x_wconf 87' lang='lat' dir='ltr'>oum</span> <span class='ocrx_word' id='word_1_177' title='bbox 887 966 1015 1005; x_wconf 89' lang='lat' dir='ltr'>animo</span> <span class='ocrx_word' id='word_1_178' title='bbox 1036 980 1121 1013; x_wconf 92' lang='lat' dir='ltr'>suo,</span> <span class='ocrx_word' id='word_1_179' title='bbox 1144 968 1311 1018; x_wconf 88' lang='lat' dir='ltr'>praemia</span> <span class='ocrx_word' id='word_1_180' title='bbox 1328 980 1375 1006; x_wconf 90' lang='lat' dir='ltr'>an</span> <span class='ocrx_word' id='word_1_181' title='bbox 1397 968 1610 1007; x_wconf 88' lang='lat' dir='ltr'>cruciatum</span> <span class='ocrx_word' id='word_1_182' title='bbox 1644 961 1689 1023; x_wconf 64' lang='lat'>15}</span> 
     </span>
    </p>
   </div>
   <div class='ocr_carea' id='block_1_9' title="bbox 198 1078 1612 1243">
    <p class='ocr_par' dir='ltr' id='par_1_9' title="bbox 198 1078 1612 1243">
     <span class='ocr_line' id='line_1_23' title="bbox 198 1078 1612 1132; baseline 0.002 -16"><span class='ocrx_word' id='word_1_183' title='bbox 198 1090 293 1129; x_wconf 90' lang='lat' dir='ltr'>pore</span> <span class='ocrx_word' id='word_1_184' title='bbox 314 1079 441 1117; x_wconf 83' lang='lat' dir='ltr'>sessus</span> <span class='ocrx_word' id='word_1_185' title='bbox 457 1079 496 1118; x_wconf 92' lang='lat' dir='ltr'>in</span> <span class='ocrx_word' id='word_1_186' title='bbox 514 1079 613 1118; x_wconf 89' lang='lat' dir='ltr'>lecto</span> <span class='ocrx_word' id='word_1_187' title='bbox 631 1079 866 1130; x_wconf 88' lang='lat' dir='ltr'>quiescebat,</span> <span class='ocrx_word' id='word_1_188' title='bbox 881 1078 945 1117; x_wconf 89' lang='lat' dir='ltr'>ubi</span> <span class='ocrx_word' id='word_1_189' title='bbox 964 1079 1129 1129; x_wconf 79' lang='lat' dir='ltr'>cognitis</span> <span class='ocrx_word' id='word_1_190' title='bbox 1146 1079 1370 1118; x_wconf 86' lang='lat' dir='ltr'>Bomilcaris</span> <span class='ocrx_word' id='word_1_191' title='bbox 1387 1080 1512 1119; x_wconf 89' lang='lat' dir='ltr'>verbis</span> <span class='ocrx_word' id='word_1_192' title='bbox 1528 1080 1612 1132; x_wconf 88' lang='lat' dir='ltr'>pri-</span> 
     </span>
     <span class='ocr_line' id='line_1_24' title="bbox 198 1190 1611 1243; baseline 0.003 -15"><span class='ocrx_word' id='word_1_193' title='bbox 198 1191 232 1229; x_wconf 87' lang='lat' dir='ltr'>ei</span> <span class='ocrx_word' id='word_1_194' title='bbox 250 1190 414 1230; x_wconf 89' lang='lat' dir='ltr'>Numida</span> <span class='ocrx_word' id='word_1_195' title='bbox 437 1192 591 1242; x_wconf 89' lang='lat' dir='ltr'>quidam</span> <span class='ocrx_word' id='word_1_196' title='bbox 614 1193 858 1243; x_wconf 89' lang='lat' dir='ltr'>negotiorum</span> <span class='ocrx_word' id='word_1_197' title='bbox 881 1197 1048 1238; x_wconf 85' lang='lat' dir='ltr'>curator,</span> <span class='ocrx_word' id='word_1_198' title='bbox 1070 1191 1169 1230; x_wconf 80' lang='lat' dir='ltr'>fidus</span> <span class='ocrx_word' id='word_1_199' title='bbox 1190 1197 1450 1243; x_wconf 85' lang='lat' dir='ltr'>acceptusque</span> <span class='ocrx_word' id='word_1_200' title='bbox 1471 1199 1509 1232; x_wconf 90' lang='lat' dir='ltr'>et</span> <span class='ocrx_word' id='word_1_201' title='bbox 1529 1205 1611 1231; x_wconf 91' lang='lat' dir='ltr'>om-</span> 
     </span>
    </p>
   </div>
   <div class='ocr_carea' id='block_1_10' title="bbox 194 1303 1686 2030">
    <p class='ocr_par' dir='ltr' id='par_1_10' title="bbox 194 1303 1686 2030">
     <span class='ocr_line' id='line_1_25' title="bbox 197 1303 1611 1356; baseline 0.002 -15"><span class='ocrx_word' id='word_1_202' title='bbox 197 1303 340 1342; x_wconf 89' lang='lat' dir='ltr'>litteras</span> <span class='ocrx_word' id='word_1_203' title='bbox 370 1304 513 1342; x_wconf 84' lang='lat' dir='ltr'>audivit</span> <span class='ocrx_word' id='word_1_204' title='bbox 543 1310 581 1343; x_wconf 89' lang='lat' dir='ltr'>et</span> <span class='ocrx_word' id='word_1_205' title='bbox 609 1317 654 1343; x_wconf 88' lang='lat' dir='ltr'>ex</span> <span class='ocrx_word' id='word_1_206' title='bbox 676 1304 960 1343; x_wconf 89' lang='lat' dir='ltr'>consuetudine</span> <span class='ocrx_word' id='word_1_207' title='bbox 991 1310 1095 1343; x_wconf 82' lang='lat' dir='ltr'>ratus</span> <span class='ocrx_word' id='word_1_208' title='bbox 1127 1316 1243 1355; x_wconf 81' lang='lat' dir='ltr'>opera</span> <span class='ocrx_word' id='word_1_209' title='bbox 1273 1310 1339 1343; x_wconf 88' lang='lat' dir='ltr'>aut</span> <span class='ocrx_word' id='word_1_210' title='bbox 1358 1304 1516 1356; x_wconf 91' lang='lat' dir='ltr'>ingenio</span> <span class='ocrx_word' id='word_1_211' title='bbox 1540 1318 1611 1344; x_wconf 92' lang='lat' dir='ltr'>suo</span> 
     </span>
     <span class='ocr_line' id='line_1_26' title="bbox 195 1360 1610 1412; baseline 0.001 -14"><span class='ocrx_word' id='word_1_212' title='bbox 195 1371 294 1410; x_wconf 87' lang='lat' dir='ltr'>opus</span> <span class='ocrx_word' id='word_1_213' title='bbox 316 1372 413 1407; x_wconf 89' lang='lat' dir='ltr'>esse,</span> <span class='ocrx_word' id='word_1_214' title='bbox 437 1361 474 1399; x_wconf 92' lang='lat' dir='ltr'>in</span> <span class='ocrx_word' id='word_1_215' title='bbox 499 1360 789 1400; x_wconf 91' lang='lat' dir='ltr'>tabernaculum</span> <span class='ocrx_word' id='word_1_216' title='bbox 812 1360 973 1407; x_wconf 90' lang='lat' dir='ltr'>introiit,</span> <span class='ocrx_word' id='word_1_217' title='bbox 995 1360 1212 1399; x_wconf 88' lang='lat' dir='ltr'>dormiente</span> <span class='ocrx_word' id='word_1_218' title='bbox 1233 1360 1298 1399; x_wconf 91' lang='lat' dir='ltr'>illo</span> <span class='ocrx_word' id='word_1_219' title='bbox 1321 1360 1525 1412; x_wconf 87' lang='lat' dir='ltr'>epistulam</span> <span class='ocrx_word' id='word_1_220' title='bbox 1545 1374 1610 1400; x_wconf 93' lang='lat' dir='ltr'>su-</span> 
     </span>
     <span class='ocr_line' id='line_1_27' title="bbox 196 1417 1611 1469; baseline 0.001 -15"><span class='ocrx_word' id='word_1_221' title='bbox 196 1428 265 1466; x_wconf 90' lang='lat' dir='ltr'>per</span> <span class='ocrx_word' id='word_1_222' title='bbox 286 1421 402 1467; x_wconf 88' lang='lat' dir='ltr'>caput</span> <span class='ocrx_word' id='word_1_223' title='bbox 423 1417 461 1455; x_wconf 90' lang='lat' dir='ltr'>in</span> <span class='ocrx_word' id='word_1_224' title='bbox 484 1417 642 1468; x_wconf 88' lang='lat' dir='ltr'>pulvino</span> <span class='ocrx_word' id='word_1_225' title='bbox 666 1422 809 1456; x_wconf 85' lang='lat' dir='ltr'>temere</span> <span class='ocrx_word' id='word_1_226' title='bbox 830 1417 993 1468; x_wconf 85' lang='lat' dir='ltr'>positam</span> <span class='ocrx_word' id='word_1_227' title='bbox 1017 1417 1132 1455; x_wconf 89' lang='lat' dir='ltr'>sumit</span> <span class='ocrx_word' id='word_1_228' title='bbox 1153 1429 1196 1455; x_wconf 91' lang='lat' dir='ltr'>ac</span> <span class='ocrx_word' id='word_1_229' title='bbox 1218 1417 1394 1467; x_wconf 87' lang='lat' dir='ltr'>perlegit,</span> <span class='ocrx_word' id='word_1_230' title='bbox 1412 1418 1500 1457; x_wconf 87' lang='lat' dir='ltr'>dein</span> <span class='ocrx_word' id='word_1_231' title='bbox 1519 1430 1611 1469; x_wconf 87' lang='lat' dir='ltr'>pro-</span> 
     </span>
     <span class='ocr_line' id='line_1_28' title="bbox 195 1473 1610 1525; baseline 0.002 -14"><span class='ocrx_word' id='word_1_232' title='bbox 195 1484 286 1523; x_wconf 89' lang='lat' dir='ltr'>pere</span> <span class='ocrx_word' id='word_1_233' title='bbox 309 1473 474 1524; x_wconf 88' lang='lat' dir='ltr'>cognitis</span> <span class='ocrx_word' id='word_1_234' title='bbox 496 1473 646 1512; x_wconf 88' lang='lat' dir='ltr'>insidiis</span> <span class='ocrx_word' id='word_1_235' title='bbox 667 1474 712 1512; x_wconf 88' lang='lat' dir='ltr'>ad</span> <span class='ocrx_word' id='word_1_236' title='bbox 736 1485 863 1523; x_wconf 89' lang='lat' dir='ltr'>regem</span> <span class='ocrx_word' id='word_1_237' title='bbox 888 1475 1024 1524; x_wconf 85' lang='lat' dir='ltr'>pergit.</span> <span class='ocrx_word' id='word_1_238' title='bbox 1066 1473 1252 1512; x_wconf 86' lang='lat' dir='ltr'>Nabdalsa</span> <span class='ocrx_word' id='word_1_239' title='bbox 1284 1473 1398 1525; x_wconf 91' lang='lat' dir='ltr'>paulo</span> <span class='ocrx_word' id='word_1_240' title='bbox 1429 1481 1517 1525; x_wconf 92' lang='lat' dir='ltr'>post</span> <span class='ocrx_word' id='word_1_241' title='bbox 1546 1487 1610 1514; x_wconf 85' lang='lat' dir='ltr'>ex-</span> 
     </span>
     <span class='ocr_line' id='line_1_29' title="bbox 196 1529 1686 1580; baseline 0.001 -14"><span class='ocrx_word' id='word_1_242' title='bbox 196 1535 395 1579; x_wconf 87' lang='lat' dir='ltr'>perrectus</span> <span class='ocrx_word' id='word_1_243' title='bbox 418 1529 482 1568; x_wconf 94' lang='lat' dir='ltr'>ubi</span> <span class='ocrx_word' id='word_1_244' title='bbox 505 1542 633 1580; x_wconf 87' lang='lat' dir='ltr'>neque</span> <span class='ocrx_word' id='word_1_245' title='bbox 656 1529 857 1580; x_wconf 86' lang='lat' dir='ltr'>epistulam</span> <span class='ocrx_word' id='word_1_246' title='bbox 880 1529 1052 1580; x_wconf 87' lang='lat' dir='ltr'>repperit</span> <span class='ocrx_word' id='word_1_247' title='bbox 1081 1535 1118 1567; x_wconf 88' lang='lat' dir='ltr'>et</span> <span class='ocrx_word' id='word_1_248' title='bbox 1149 1541 1228 1568; x_wconf 88' lang='lat' dir='ltr'>rem</span> <span class='ocrx_word' id='word_1_249' title='bbox 1260 1542 1414 1568; x_wconf 88' lang='lat' dir='ltr'>omnem</span> <span class='ocrx_word' id='word_1_250' title='bbox 1443 1530 1499 1570; x_wconf 89' lang='lat' dir='ltr'>uti</span> <span class='ocrx_word' id='word_1_251' title='bbox 1528 1538 1610 1570; x_wconf 86' lang='lat' dir='ltr'>acta</span> <span class='ocrx_word' id='word_1_252' title='bbox 1639 1535 1686 1579; x_wconf 60' lang='lat'>’251¹</span> 
     </span>
     <span class='ocr_line' id='line_1_30' title="bbox 195 1585 1609 1637; baseline 0.001 -14"><span class='ocrx_word' id='word_1_253' title='bbox 195 1592 275 1623; x_wconf 91' lang='lat' dir='ltr'>erat</span> <span class='ocrx_word' id='word_1_254' title='bbox 295 1586 487 1635; x_wconf 88' lang='lat' dir='ltr'>coguovit,</span> <span class='ocrx_word' id='word_1_255' title='bbox 510 1586 636 1636; x_wconf 92' lang='lat' dir='ltr'>primo</span> <span class='ocrx_word' id='word_1_256' title='bbox 659 1585 826 1624; x_wconf 88' lang='lat' dir='ltr'>indicem</span> <span class='ocrx_word' id='word_1_257' title='bbox 843 1585 1025 1636; x_wconf 89' lang='lat' dir='ltr'>persequi</span> <span class='ocrx_word' id='word_1_258' title='bbox 1045 1591 1219 1633; x_wconf 85' lang='lat' dir='ltr'>conatus,</span> <span class='ocrx_word' id='word_1_259' title='bbox 1242 1591 1445 1637; x_wconf 89' lang='lat' dir='ltr'>postquam</span> <span class='ocrx_word' id='word_1_260' title='bbox 1467 1586 1503 1625; x_wconf 92' lang='lat' dir='ltr'>id</span> <span class='ocrx_word' id='word_1_261' title='bbox 1527 1587 1609 1626; x_wconf 87' lang='lat' dir='ltr'>fru—</span> 
     </span>
     <span class='ocr_line' id='line_1_31' title="bbox 194 1641 1609 1694; baseline 0.002 -15"><span class='ocrx_word' id='word_1_262' title='bbox 194 1647 272 1679; x_wconf 91' lang='lat' dir='ltr'>stra</span> <span class='ocrx_word' id='word_1_263' title='bbox 292 1641 385 1688; x_wconf 83' lang='lat' dir='ltr'>fuit,</span> <span class='ocrx_word' id='word_1_264' title='bbox 408 1641 632 1692; x_wconf 88' lang='lat' dir='ltr'>Iugurtham</span> <span class='ocrx_word' id='word_1_265' title='bbox 656 1641 832 1692; x_wconf 89' lang='lat' dir='ltr'>placandi</span> <span class='ocrx_word' id='word_1_266' title='bbox 854 1641 973 1692; x_wconf 88' lang='lat' dir='ltr'>gratia</span> <span class='ocrx_word' id='word_1_267' title='bbox 994 1641 1165 1680; x_wconf 88' lang='lat' dir='ltr'>adcedit:</span> <span class='ocrx_word' id='word_1_268' title='bbox 1189 1641 1280 1680; x_wconf 89' lang='lat' dir='ltr'>dicit</span> <span class='ocrx_word' id='word_1_269' title='bbox 1309 1654 1407 1694; x_wconf 90' lang='lat' dir='ltr'>quae</span> <span class='ocrx_word' id='word_1_270' title='bbox 1438 1643 1520 1694; x_wconf 88' lang='lat' dir='ltr'>ipse</span> <span class='ocrx_word' id='word_1_271' title='bbox 1541 1656 1609 1694; x_wconf 89' lang='lat' dir='ltr'>pa-</span> 
     </span>
     <span class='ocr_line' id='line_1_32' title="bbox 194 1697 1609 1749; baseline 0.002 -14"><span class='ocrx_word' id='word_1_272' title='bbox 194 1697 355 1736; x_wconf 87' lang='lat' dir='ltr'>ravisset</span> <span class='ocrx_word' id='word_1_273' title='bbox 375 1698 501 1736; x_wconf 81' lang='lat' dir='ltr'>facere</span> <span class='ocrx_word' id='word_1_274' title='bbox 524 1698 681 1749; x_wconf 86' lang='lat' dir='ltr'>perfidia</span> <span class='ocrx_word' id='word_1_275' title='bbox 703 1697 855 1736; x_wconf 89' lang='lat' dir='ltr'>clientis</span> <span class='ocrx_word' id='word_1_276' title='bbox 877 1698 936 1736; x_wconf 91' lang='lat' dir='ltr'>sui</span> <span class='ocrx_word' id='word_1_277' title='bbox 958 1703 1185 1748; x_wconf 86' lang='lat' dir='ltr'>praeventa;</span> <span class='ocrx_word' id='word_1_278' title='bbox 1209 1698 1427 1738; x_wconf 89' lang='lat' dir='ltr'>lacrumans</span> <span class='ocrx_word' id='word_1_279' title='bbox 1442 1699 1609 1739; x_wconf 87' lang='lat' dir='ltr'>obtesta-</span> 
     </span>
     <span class='ocr_line' id='line_1_33' title="bbox 195 1753 1609 1806; baseline 0.003 -15"><span class='ocrx_word' id='word_1_280' title='bbox 195 1759 259 1791; x_wconf 91' lang='lat' dir='ltr'>tur</span> <span class='ocrx_word' id='word_1_281' title='bbox 280 1766 350 1805; x_wconf 89' lang='lat' dir='ltr'>per</span> <span class='ocrx_word' id='word_1_282' title='bbox 369 1754 573 1793; x_wconf 88' lang='lat' dir='ltr'>amicitiam</span> <span class='ocrx_word' id='word_1_283' title='bbox 598 1765 746 1805; x_wconf 81' lang='lat' dir='ltr'>perque</span> <span class='ocrx_word' id='word_1_284' title='bbox 767 1766 836 1792; x_wconf 92' lang='lat' dir='ltr'>sua</span> <span class='ocrx_word' id='word_1_285' title='bbox 858 1759 968 1792; x_wconf 88' lang='lat' dir='ltr'>antea</span> <span class='ocrx_word' id='word_1_286' title='bbox 995 1753 1157 1792; x_wconf 84' lang='lat' dir='ltr'>fideliter</span> <span class='ocrx_word' id='word_1_287' title='bbox 1184 1760 1287 1802; x_wconf 84' lang='lat' dir='ltr'>acta,</span> <span class='ocrx_word' id='word_1_288' title='bbox 1319 1767 1367 1794; x_wconf 92' lang='lat' dir='ltr'>ne</span> <span class='ocrx_word' id='word_1_289' title='bbox 1395 1767 1516 1806; x_wconf 88' lang='lat' dir='ltr'>super</span> <span class='ocrx_word' id='word_1_290' title='bbox 1544 1756 1609 1796; x_wconf 89' lang='lat' dir='ltr'>tali</span> 
     </span>
     <span class='ocr_line' id='line_1_34' title="bbox 195 1809 1679 1864; baseline 0.002 -17"><span class='ocrx_word' id='word_1_291' title='bbox 195 1809 342 1849; x_wconf 87' lang='lat' dir='ltr'>scelere</span> <span class='ocrx_word' id='word_1_292' title='bbox 363 1816 587 1862; x_wconf 90' lang='lat' dir='ltr'>suspectum</span> <span class='ocrx_word' id='word_1_293' title='bbox 611 1823 695 1849; x_wconf 90' lang='lat' dir='ltr'>sese</span> <span class='ocrx_word' id='word_1_294' title='bbox 716 1809 885 1849; x_wconf 87' lang='lat' dir='ltr'>haberet.</span> <span class='ocrx_word' id='word_1_295' title='bbox 922 1810 967 1849; x_wconf 91' lang='lat' dir='ltr'>ad</span> <span class='ocrx_word' id='word_1_296' title='bbox 989 1822 1031 1849; x_wconf 83' lang='lat' dir='ltr'>ea</span> <span class='ocrx_word' id='word_1_297' title='bbox 1053 1822 1118 1848; x_wconf 84' lang='lat' dir='ltr'>rex</span> <span class='ocrx_word' id='word_1_298' title='bbox 1140 1810 1249 1849; x_wconf 88' lang='lat' dir='ltr'>aliter</span> <span class='ocrx_word' id='word_1_299' title='bbox 1266 1816 1380 1862; x_wconf 87' lang='lat' dir='ltr'>atque</span> <span class='ocrx_word' id='word_1_300' title='bbox 1395 1812 1524 1850; x_wconf 91' lang='lat' dir='ltr'>animo</span> <span class='ocrx_word' id='word_1_301' title='bbox 1542 1824 1608 1864; x_wconf 85' lang='lat' dir='ltr'>ge·</span> <span class='ocrx_word' id='word_1_302' title='bbox 1638 1817 1679 1850; x_wconf 86' lang='lat'>30</span> 
     </span>
     <span class='ocr_line' id='line_1_35' title="bbox 195 1866 1609 1918; baseline 0.002 -14"><span class='ocrx_word' id='word_1_303' title='bbox 195 1866 303 1905; x_wconf 90' lang='lat' dir='ltr'>rebat</span> <span class='ocrx_word' id='word_1_304' title='bbox 323 1867 472 1918; x_wconf 91' lang='lat' dir='ltr'>placide</span> <span class='ocrx_word' id='word_1_305' title='bbox 493 1866 705 1918; x_wconf 88' lang='lat' dir='ltr'>respondit.</span> <span class='ocrx_word' id='word_1_306' title='bbox 749 1866 961 1905; x_wconf 86' lang='lat' dir='ltr'>Bomilcare</span> <span class='ocrx_word' id='word_1_307' title='bbox 983 1866 1144 1917; x_wconf 86' lang='lat' dir='ltr'>aliisque</span> <span class='ocrx_word' id='word_1_308' title='bbox 1169 1866 1322 1914; x_wconf 89' lang='lat' dir='ltr'>multis,</span> <span class='ocrx_word' id='word_1_309' title='bbox 1356 1880 1454 1918; x_wconf 89' lang='lat' dir='ltr'>quos</span> <span class='ocrx_word' id='word_1_310' title='bbox 1482 1869 1609 1907; x_wconf 90' lang='lat' dir='ltr'>socios</span> 
     </span>
     <span class='ocr_line' id='line_1_36' title="bbox 197 1922 1608 1974; baseline 0.001 -13"><span class='ocrx_word' id='word_1_311' title='bbox 197 1922 423 1962; x_wconf 89' lang='lat' dir='ltr'>insidiarum</span> <span class='ocrx_word' id='word_1_312' title='bbox 447 1929 692 1974; x_wconf 87' lang='lat' dir='ltr'>cognoverat,</span> <span class='ocrx_word' id='word_1_313' title='bbox 717 1923 929 1961; x_wconf 83' lang='lat' dir='ltr'>interfectis</span> <span class='ocrx_word' id='word_1_314' title='bbox 950 1923 1043 1962; x_wconf 88' lang='lat' dir='ltr'>iram</span> <span class='ocrx_word' id='word_1_315' title='bbox 1067 1922 1326 1974; x_wconf 84' lang='lat' dir='ltr'>obpresserat,</span> <span class='ocrx_word' id='word_1_316' title='bbox 1349 1936 1474 1974; x_wconf 89' lang='lat' dir='ltr'>nequa</span> <span class='ocrx_word' id='word_1_317' title='bbox 1496 1937 1541 1963; x_wconf 87' lang='lat' dir='ltr'>ex</span> <span class='ocrx_word' id='word_1_318' title='bbox 1563 1936 1608 1963; x_wconf 90' lang='lat' dir='ltr'>eo</span> 
     </span>
     <span class='ocr_line' id='line_1_37' title="bbox 199 1979 1611 2030; baseline 0.001 -12"><span class='ocrx_word' id='word_1_319' title='bbox 199 1979 352 2030; x_wconf 90' lang='lat' dir='ltr'>negotio</span> <span class='ocrx_word' id='word_1_320' title='bbox 370 1979 508 2018; x_wconf 90' lang='lat' dir='ltr'>seditio</span> <span class='ocrx_word' id='word_1_321' title='bbox 523 1985 712 2018; x_wconf 90' lang='lat' dir='ltr'>oreretur.</span> <span class='ocrx_word' id='word_1_322' title='bbox 736 1991 862 2030; x_wconf 89' lang='lat' dir='ltr'>neque</span> <span class='ocrx_word' id='word_1_323' title='bbox 880 1984 969 2030; x_wconf 92' lang='lat' dir='ltr'>post</span> <span class='ocrx_word' id='word_1_324' title='bbox 985 1980 1020 2018; x_wconf 91' lang='lat' dir='ltr'>id</span> <span class='ocrx_word' id='word_1_325' title='bbox 1038 1979 1212 2018; x_wconf 90' lang='lat' dir='ltr'>locorum</span> <span class='ocrx_word' id='word_1_326' title='bbox 1224 1980 1432 2030; x_wconf 86' lang='lat' dir='ltr'>Iugurthae</span> <span class='ocrx_word' id='word_1_327' title='bbox 1448 1980 1528 2020; x_wconf 89' lang='lat' dir='ltr'>dies</span> <span class='ocrx_word' id='word_1_328' title='bbox 1545 1987 1611 2020; x_wconf 89' lang='lat' dir='ltr'>aut</span> 
     </span>
    </p>
   </div>
   <div class='ocr_carea' id='block_1_11' title="bbox 1657 0 1709 2885">
    <p class='ocr_par' dir='ltr' id='par_1_11' title="bbox 1657 0 1709 2885">
     <span class='ocr_line' id='line_1_38' title="bbox 1657 0 1709 2885; baseline 0 -819"><span class='ocrx_word' id='word_1_329' title='bbox 1657 0 1709 2885; x_wconf 95' lang='lat' dir='ltr'>   </span> 
     </span>
    </p>
   </div>
   <div class='ocr_carea' id='block_1_12' title="bbox 195 2035 1679 2275">
    <p class='ocr_par' dir='ltr' id='par_1_12' title="bbox 195 2035 1679 2256">
     <span class='ocr_line' id='line_1_39' title="bbox 197 2035 1610 2087; baseline 0.001 -13"><span class='ocrx_word' id='word_1_330' title='bbox 197 2047 273 2074; x_wconf 89' lang='lat' dir='ltr'>nox</span> <span class='ocrx_word' id='word_1_331' title='bbox 295 2035 370 2074; x_wconf 90' lang='lat' dir='ltr'>ulla</span> <span class='ocrx_word' id='word_1_332' title='bbox 394 2036 520 2086; x_wconf 89' lang='lat' dir='ltr'>quieta</span> <span class='ocrx_word' id='word_1_333' title='bbox 543 2035 635 2083; x_wconf 81' lang='lat' dir='ltr'>suit;</span> <span class='ocrx_word' id='word_1_334' title='bbox 660 2048 785 2086; x_wconf 90' lang='lat' dir='ltr'>neque</span> <span class='ocrx_word' id='word_1_335' title='bbox 808 2035 892 2074; x_wconf 90' lang='lat' dir='ltr'>loco</span> <span class='ocrx_word' id='word_1_336' title='bbox 915 2048 1043 2087; x_wconf 90' lang='lat' dir='ltr'>neque</span> <span class='ocrx_word' id='word_1_337' title='bbox 1064 2035 1216 2074; x_wconf 87' lang='lat' dir='ltr'>mortali</span> <span class='ocrx_word' id='word_1_338' title='bbox 1239 2035 1418 2086; x_wconf 89' lang='lat' dir='ltr'>cuiquam</span> <span class='ocrx_word' id='word_1_339' title='bbox 1433 2042 1499 2076; x_wconf 88' lang='lat' dir='ltr'>aut</span> <span class='ocrx_word' id='word_1_340' title='bbox 1512 2042 1610 2076; x_wconf 87' lang='lat' dir='ltr'>tem-</span> 
     </span>
     <span class='ocr_line' id='line_1_40' title="bbox 195 2091 1679 2155; baseline 0.001 -25"><span class='ocrx_word' id='word_1_341' title='bbox 195 2091 281 2143; x_wconf 88' lang='lat' dir='ltr'>pori</span> <span class='ocrx_word' id='word_1_342' title='bbox 303 2091 394 2132; x_wconf 89' lang='lat' dir='ltr'>satis</span> <span class='ocrx_word' id='word_1_343' title='bbox 417 2093 587 2155; x_wconf 80' lang='lat' dir='ltr'>credere,</span> <span class='ocrx_word' id='word_1_344' title='bbox 611 2091 701 2130; x_wconf 89' lang='lat' dir='ltr'>civis</span> <span class='ocrx_word' id='word_1_345' title='bbox 723 2091 923 2143; x_wconf 90' lang='lat' dir='ltr'>hostisque</span> <span class='ocrx_word' id='word_1_346' title='bbox 944 2092 1047 2131; x_wconf 88' lang='lat' dir='ltr'>iuxta</span> <span class='ocrx_word' id='word_1_347' title='bbox 1070 2099 1255 2140; x_wconf 88' lang='lat' dir='ltr'>metuere,</span> <span class='ocrx_word' id='word_1_348' title='bbox 1285 2091 1609 2144; x_wconf 86' lang='lat' dir='ltr'>circumspectare</span> <span class='ocrx_word' id='word_1_349' title='bbox 1639 2098 1679 2131; x_wconf 83' lang='lat'>35</span> 
     </span>
     <span class='ocr_line' id='line_1_41' title="bbox 195 2147 1610 2211; baseline 0.001 -25"><span class='ocrx_word' id='word_1_350' title='bbox 195 2147 323 2186; x_wconf 90' lang='lat' dir='ltr'>omnia</span> <span class='ocrx_word' id='word_1_351' title='bbox 359 2154 395 2187; x_wconf 85' lang='lat' dir='ltr'>et</span> <span class='ocrx_word' id='word_1_352' title='bbox 425 2149 531 2187; x_wconf 90' lang='lat' dir='ltr'>omni</span> <span class='ocrx_word' id='word_1_353' title='bbox 565 2148 729 2200; x_wconf 87' lang='lat' dir='ltr'>strepitu</span> <span class='ocrx_word' id='word_1_354' title='bbox 765 2160 994 2211; x_wconf 85' lang='lat' dir='ltr'>pavescere</span> <span class='ocrx_word' id='word_1_355' title='bbox 1029 2148 1102 2187; x_wconf 92' lang='lat' dir='ltr'>alio</span> <span class='ocrx_word' id='word_1_356' title='bbox 1137 2154 1252 2199; x_wconf 87' lang='lat' dir='ltr'>atque</span> <span class='ocrx_word' id='word_1_357' title='bbox 1284 2148 1358 2187; x_wconf 91' lang='lat' dir='ltr'>alio</span> <span class='ocrx_word' id='word_1_358' title='bbox 1379 2148 1464 2187; x_wconf 89' lang='lat' dir='ltr'>loco</span> <span class='ocrx_word' id='word_1_359' title='bbox 1494 2161 1610 2200; x_wconf 86' lang='lat' dir='ltr'>saepe</span> 
     </span>
     <span class='ocr_line' id='line_1_42' title="bbox 195 2205 1610 2275; baseline 0.001 -32"><span class='ocrx_word' id='word_1_360' title='bbox 195 2210 329 2275; x_wconf 78' lang='lat' dir='ltr'>contia</span> <span class='ocrx_word' id='word_1_361' title='bbox 341 2205 468 2275; x_wconf 82' lang='lat' dir='ltr'>decus</span> <span class='ocrx_word' id='word_1_362' title='bbox 489 2205 638 2256; x_wconf 88' lang='lat' dir='ltr'>regium</span> <span class='ocrx_word' id='word_1_363' title='bbox 661 2209 777 2243; x_wconf 87' lang='lat' dir='ltr'>noctu</span> <span class='ocrx_word' id='word_1_364' title='bbox 800 2205 1065 2256; x_wconf 86' lang='lat' dir='ltr'>requiescere,</span> <span class='ocrx_word' id='word_1_365' title='bbox 1088 2205 1282 2244; x_wconf 89' lang='lat' dir='ltr'>interdum</span> <span class='ocrx_word' id='word_1_366' title='bbox 1303 2216 1440 2244; x_wconf 90' lang='lat' dir='ltr'>somno</span> <span class='ocrx_word' id='word_1_367' title='bbox 1462 2205 1610 2244; x_wconf 82' lang='lat' dir='ltr'>excitus</span> 
     </span>
    </p>
   </div>
   <div class='ocr_carea' id='block_1_13' title="bbox 194 2303 1613 2617">
    <p class='ocr_par' dir='ltr' id='par_1_13' title="bbox 194 2303 1613 2617">
     <span class='ocr_line' id='line_1_43' title="bbox 288 2303 1610 2347; baseline 0 -11"><span class='ocrx_word' id='word_1_368' title='bbox 288 2305 302 2337; x_wconf 92' lang='lat'>1</span> <span class='ocrx_word' id='word_1_369' title='bbox 330 2314 441 2336; x_wconf 89' lang='lat' dir='ltr'>carum</span> <span class='ocrx_word' id='word_1_370' title='bbox 461 2304 622 2337; x_wconf 65' lang='lat' dir='ltr'>colet-us.-</span> <span class='ocrx_word' id='word_1_371' title='bbox 649 2303 773 2336; x_wconf 86' lang='lat' dir='ltr'>clarum</span> <span class='ocrx_word' id='word_1_372' title='bbox 791 2304 846 2337; x_wconf 86' lang='lat' dir='ltr'>PC</span> <span class='ocrx_word' id='word_1_373' title='bbox 858 2304 869 2347; x_wconf 91' lang='grc' dir='ltr'>ΙΙ</span> <span class='ocrx_word' id='word_1_374' title='bbox 889 2305 907 2336; x_wconf 87' lang='grc'>3</span> <span class='ocrx_word' id='word_1_375' title='bbox 938 2307 1180 2346; x_wconf 78' lang='lat' dir='ltr'>supeiaueiunt</span> <span class='ocrx_word' id='word_1_376' title='bbox 1209 2306 1245 2336; x_wconf 80' lang='lat' dir='ltr'>in</span> <span class='ocrx_word' id='word_1_377' title='bbox 1261 2313 1371 2345; x_wconf 78' lang='lat' dir='ltr'>marg.</span> <span class='ocrx_word' id='word_1_378' title='bbox 1385 2314 1410 2346; x_wconf 81' lang='lat' dir='ltr'>p</span> <span class='ocrx_word' id='word_1_379' title='bbox 1431 2303 1442 2346; x_wconf 93' lang='grc' dir='ltr'>ΙΙ</span> <span class='ocrx_word' id='word_1_380' title='bbox 1463 2306 1498 2337; x_wconf 87' lang='grc'>11</span> <span class='ocrx_word' id='word_1_381' title='bbox 1526 2304 1610 2343; x_wconf 91' lang='lat' dir='ltr'>mol-</span> 
     </span>
     <span class='ocr_line' id='line_1_44' title="bbox 194 2348 1613 2393; baseline 0.001 -13"><span class='ocrx_word' id='word_1_382' title='bbox 194 2348 299 2381; x_wconf 89' lang='lat' dir='ltr'>litiam</span> <span class='ocrx_word' id='word_1_383' title='bbox 324 2348 387 2389; x_wconf 88' lang='lat' dir='ltr'>PC,</span> <span class='ocrx_word' id='word_1_384' title='bbox 418 2349 592 2382; x_wconf 87' lang='lat' dir='ltr'>mollitiem</span> <span class='ocrx_word' id='word_1_385' title='bbox 612 2348 662 2393; x_wconf 76' lang='grc' dir='ltr'>ΟΙΙ</span> <span class='ocrx_word' id='word_1_386' title='bbox 685 2350 723 2382; x_wconf 83' lang='grc'>12</span> <span class='ocrx_word' id='word_1_387' title='bbox 750 2351 871 2381; x_wconf 85' lang='lat' dir='ltr'>testare</span> <span class='ocrx_word' id='word_1_388' title='bbox 898 2349 952 2391; x_wconf 85' lang='grc' dir='ltr'>ΡΙΙ</span> <span class='ocrx_word' id='word_1_389' title='bbox 970 2350 1011 2382; x_wconf 77' lang='grc'>26</span> <span class='ocrx_word' id='word_1_390' title='bbox 1038 2353 1108 2382; x_wconf 86' lang='lat' dir='ltr'>erat</span> <span class='ocrx_word' id='word_1_391' title='bbox 1133 2360 1174 2381; x_wconf 82' lang='lat' dir='ltr'>cx</span> <span class='ocrx_word' id='word_1_392' title='bbox 1198 2348 1346 2392; x_wconf 76' lang='lat' dir='ltr'>perfugis</span> <span class='ocrx_word' id='word_1_393' title='bbox 1371 2349 1531 2390; x_wconf 87' lang='lat' dir='ltr'>cognouit</span> <span class='ocrx_word' id='word_1_394' title='bbox 1556 2349 1613 2382; x_wconf 84' lang='lat' dir='ltr'>PC</span> 
     </span>
     <span class='ocr_line' id='line_1_45' title="bbox 194 2394 1608 2437; baseline 0.001 -11"><span class='ocrx_word' id='word_1_395' title='bbox 194 2395 278 2434; x_wconf 81' lang='lat' dir='ltr'><em>(nisi</em></span> <span class='ocrx_word' id='word_1_396' title='bbox 302 2394 396 2436; x_wconf 78' lang='lat' dir='ltr'>quod</span> <span class='ocrx_word' id='word_1_397' title='bbox 418 2405 511 2427; x_wconf 80' lang='lat' dir='ltr'>unus</span> <span class='ocrx_word' id='word_1_398' title='bbox 535 2399 568 2427; x_wconf 87' lang='lat' dir='ltr'>et</span> <span class='ocrx_word' id='word_1_399' title='bbox 592 2394 698 2427; x_wconf 84' lang='lat' dir='ltr'>seruis</span> <span class='ocrx_word' id='word_1_400' title='bbox 723 2394 813 2426; x_wconf 74' lang='lat' dir='ltr'>alius</span> <span class='ocrx_word' id='word_1_401' title='bbox 837 2404 877 2426; x_wconf 85' lang='lat' dir='ltr'>ex</span> <span class='ocrx_word' id='word_1_402' title='bbox 895 2394 1000 2426; x_wconf 74' lang='lat' dir='ltr'>seruis</span> <span class='ocrx_word' id='word_1_403' title='bbox 1019 2395 1109 2426; x_wconf 81' lang='lat' dir='ltr'>alius</span> <span class='ocrx_word' id='word_1_404' title='bbox 1126 2394 1312 2437; x_wconf 85' lang='lat' dir='ltr'>expertus):</span> <span class='ocrx_word' id='word_1_405' title='bbox 1338 2403 1378 2426; x_wconf 86' lang='lat' dir='ltr'>ex</span> <span class='ocrx_word' id='word_1_406' title='bbox 1396 2394 1545 2436; x_wconf 84' lang='lat' dir='ltr'>perfugis</span> <span class='ocrx_word' id='word_1_407' title='bbox 1564 2405 1608 2427; x_wconf 74' lang='lat' dir='ltr'>ex</span> 
     </span>
     <span class='ocr_line' id='line_1_46' title="bbox 195 2438 1609 2483; baseline 0 -12"><span class='ocrx_word' id='word_1_408' title='bbox 195 2450 221 2471; x_wconf 84' lang='lat' dir='ltr'>e</span> <span class='ocrx_word' id='word_1_409' title='bbox 248 2438 341 2480; x_wconf 84' lang='lat'>73,1</span> <span class='ocrx_word' id='word_1_410' title='bbox 368 2439 516 2472; x_wconf 79' lang='lat' dir='ltr'>inlatum</span> <span class='ocrx_word' id='word_1_411' title='bbox 542 2440 606 2473; x_wconf 80' lang='lat' dir='ltr'>del.</span> <span class='ocrx_word' id='word_1_412' title='bbox 635 2439 758 2483; x_wconf 72' lang='lat' dir='ltr'>Kritzss</span> <span class='ocrx_word' id='word_1_413' title='bbox 777 2438 869 2472; x_wconf 63' lang='lat' dir='ltr'>indi(³</span> <span class='ocrx_word' id='word_1_414' title='bbox 900 2442 929 2479; x_wconf 86' lang='lat' dir='ltr'>(c</span> <span class='ocrx_word' id='word_1_415' title='bbox 955 2441 991 2470; x_wconf 80' lang='lat' dir='ltr'>in</span> <span class='ocrx_word' id='word_1_416' title='bbox 1021 2442 1104 2479; x_wconf 78' lang='lat' dir='ltr'>ras.)</span> <span class='ocrx_word' id='word_1_417' title='bbox 1129 2440 1239 2482; x_wconf 72' lang='lat' dir='ltr'><em>P1127</em></span> <span class='ocrx_word' id='word_1_418' title='bbox 1268 2438 1413 2480; x_wconf 72' lang='lat' dir='ltr'>adcedit]</span> <span class='ocrx_word' id='word_1_419' title='bbox 1447 2439 1609 2481; x_wconf 82' lang='lat' dir='ltr'>cognouit</span> 
     </span>
     <span class='ocr_line' id='line_1_47' title="bbox 194 2483 1606 2528; baseline 0.001 -12"><span class='ocrx_word' id='word_1_420' title='bbox 194 2483 246 2528; x_wconf 80' lang='grc' dir='ltr'>ΡΙΙ</span> <span class='ocrx_word' id='word_1_421' title='bbox 267 2486 307 2518; x_wconf 80' lang='lat'>33</span> <span class='ocrx_word' id='word_1_422' title='bbox 333 2488 482 2518; x_wconf 87' lang='lat' dir='ltr'>oreretur</span> <span class='ocrx_word' id='word_1_423' title='bbox 506 2485 568 2523; x_wconf 83' lang='lat' dir='ltr'>PC,</span> <span class='ocrx_word' id='word_1_424' title='bbox 594 2485 735 2518; x_wconf 87' lang='lat' dir='ltr'>oriretur</span> <span class='ocrx_word' id='word_1_425' title='bbox 761 2483 873 2527; x_wconf 71' lang='grc'>01134</span> <span class='ocrx_word' id='word_1_426' title='bbox 899 2485 1085 2527; x_wconf 87' lang='lat' dir='ltr'>autempori</span> <span class='ocrx_word' id='word_1_427' title='bbox 1109 2486 1167 2525; x_wconf 70' lang='lat' dir='ltr'>(eat</span> <span class='ocrx_word' id='word_1_428' title='bbox 1191 2486 1252 2523; x_wconf 88' lang='lat' dir='ltr'>-re)</span> <span class='ocrx_word' id='word_1_429' title='bbox 1277 2484 1307 2515; x_wconf 88' lang='grc' dir='ltr'><em>Ρ</em></span> <span class='ocrx_word' id='word_1_430' title='bbox 1318 2483 1329 2526; x_wconf 76' lang='grc' dir='ltr'>ΙΙ</span> <span class='ocrx_word' id='word_1_431' title='bbox 1349 2485 1391 2517; x_wconf 84' lang='grc'>36</span> <span class='ocrx_word' id='word_1_432' title='bbox 1416 2489 1516 2527; x_wconf 84' lang='lat' dir='ltr'>atque</span> <span class='ocrx_word' id='word_1_433' title='bbox 1541 2483 1606 2518; x_wconf 90' lang='lat' dir='ltr'>alio</span> 
     </span>
     <span class='ocr_line' id='line_1_48' title="bbox 194 2528 1606 2573; baseline 0.003 -14"><span class='ocrx_word' id='word_1_434' title='bbox 194 2540 212 2559; x_wconf 79' lang='lat' dir='ltr'><em>z</em></span> <span class='ocrx_word' id='word_1_435' title='bbox 227 2531 278 2570; x_wconf 68' lang='grc' dir='ltr'>(Ῡ),</span> <span class='ocrx_word' id='word_1_436' title='bbox 297 2540 360 2562; x_wconf 87' lang='lat' dir='ltr'>om.</span> <span class='ocrx_word' id='word_1_437' title='bbox 380 2529 453 2564; x_wconf 81' lang='lat' dir='ltr'>PCz</span> <span class='ocrx_word' id='word_1_438' title='bbox 473 2529 484 2573; x_wconf 81' lang='grc' dir='ltr'>ΙΙ</span> <span class='ocrx_word' id='word_1_439' title='bbox 502 2532 541 2563; x_wconf 80' lang='lat'>37</span> <span class='ocrx_word' id='word_1_440' title='bbox 569 2530 697 2563; x_wconf 82' lang='lat' dir='ltr'>excitus</span> <span class='ocrx_word' id='word_1_441' title='bbox 719 2529 780 2572; x_wconf 74' lang='grc' dir='ltr'>μί’,</span> <span class='ocrx_word' id='word_1_442' title='bbox 806 2529 971 2563; x_wconf 82' lang='lat' dir='ltr'>exercitus</span> <span class='ocrx_word' id='word_1_443' title='bbox 987 2531 1024 2570; x_wconf 87' lang='lat' dir='ltr'>P,</span> <span class='ocrx_word' id='word_1_444' title='bbox 1049 2532 1260 2572; x_wconf 84' lang='lat' dir='ltr'>experrectus</span> <span class='ocrx_word' id='word_1_445' title='bbox 1279 2528 1464 2562; x_wconf 78' lang='lat' dir='ltr'>Diomedes</span> <span class='ocrx_word' id='word_1_446' title='bbox 1477 2540 1511 2572; x_wconf 86' lang='lat' dir='ltr'>p.</span> <span class='ocrx_word' id='word_1_447' title='bbox 1529 2529 1606 2570; x_wconf 85' lang='lat'>376,</span> 
     </span>
     <span class='ocr_line' id='line_1_49' title="bbox 195 2574 1226 2617; baseline 0.001 -12"><span class='ocrx_word' id='word_1_448' title='bbox 195 2576 256 2615; x_wconf 80' lang='lat' dir='ltr'>qui</span> <span class='ocrx_word' id='word_1_449' title='bbox 277 2586 386 2617; x_wconf 71' lang='lat' dir='ltr'>supra</span> <span class='ocrx_word' id='word_1_450' title='bbox 412 2577 455 2615; x_wconf 78' lang='lat' dir='ltr'>(e.</span> <span class='ocrx_word' id='word_1_451' title='bbox 475 2576 528 2617; x_wconf 79' lang='lat'>71,</span> <span class='ocrx_word' id='word_1_452' title='bbox 541 2577 578 2614; x_wconf 74' lang='lat'>5)</span> <span class='ocrx_word' id='word_1_453' title='bbox 605 2576 778 2608; x_wconf 72' lang='lat' dir='ltr'>dictorum</span> <span class='ocrx_word' id='word_1_454' title='bbox 802 2586 934 2607; x_wconf 75' lang='lat' dir='ltr'>memor</span> <span class='ocrx_word' id='word_1_455' title='bbox 957 2574 1066 2614; x_wconf 80' lang='lat' dir='ltr'>fuisse</span> <span class='ocrx_word' id='word_1_456' title='bbox 1089 2574 1226 2607; x_wconf 71' lang='lat' dir='ltr'>videtur</span> 
     </span>
    </p>
   </div>
  </div>
 </body>
</html>
