1709 2885
552 110 605 143 DE
630 110 762 144 BELLO
787 110 1050 144 IUGURTHINO
1458 110 1509 147 55

103 212 172 251 tari
193 217 340 263 coepta,
362 213 462 252 idem
484 212 539 252 illi
560 213 727 252 ministri
748 214 851 264 regis
872 212 1155 264 interpellando
1177 226 1221 252 ac
1243 226 1357 265 saepe
1385 214 1517 263 gratia,

101 269 294 308 interdum
325 268 460 319 iurgiis
480 268 681 322 Jtrahundo
711 275 884 320 tempus,
914 270 1153 308 atrocitatem
1183 269 1271 309 facti
1307 269 1516 309 leniebant.

102 335 145 364 ac
165 323 206 364 ni
229 323 268 363 C.
288 324 490 364 Memmius
511 325 691 364 tribunus
713 325 837 376 plebis
859 326 1094 376 designatus,
1115 325 1172 363 vir
1191 338 1280 364 acer
1301 332 1339 364 et
1352 325 1517 364 infestus
1540 331 1558 363 2

103 380 297 432 potentiae
318 381 540 430 nobilitatis,
561 381 752 432 populum
775 381 989 420 Romanum
1012 381 1230 420 edocuisset
1251 381 1290 420 id
1310 382 1370 431 agi
1389 389 1433 421 ut
1449 393 1518 432 per

103 448 246 488 paucos
267 437 447 476 factiosos
467 437 676 489 Iugurthae
697 437 824 477 scelus
846 437 1153 486 condonaretur,
1186 439 1360 488 profecto
1392 437 1519 476 omnis

104 492 242 532 invidia
262 493 499 544 prolatandis
521 493 868 533 consultationibus
891 494 1035 545 dilapsa
1064 493 1183 532 foret:
1214 498 1319 532 tanta
1348 493 1404 531 vis
1432 505 1518 543 gra-

103 548 176 588 tiae
196 555 311 600 atque
332 550 519 601 pecuniae
540 550 642 599 regis
660 554 750 588 erat.
792 550 858 588 sed
876 550 940 588 ubi
959 554 1114 589 senatus
1131 549 1259 588 delicti
1279 550 1519 588 conscientia
1541 556 1559 588 3

102 605 292 656 populum
320 606 448 654 timet,
484 608 567 657 lege
597 606 824 656 Sempronia
860 606 1080 656 provinciae
1114 606 1257 644 futuris
1292 605 1520 645 consulibus

103 660 279 700 Numidia
300 668 414 713 atque
435 663 540 702 Italia
561 662 750 711 decretae,
772 662 952 701 consules
974 662 1152 701 declarati
1174 661 1215 700 P.
1234 662 1364 712 Scipio
1381 661 1518 701 Nasica
1541 669 1561 699 4

104 716 147 755 L.
168 717 313 756 Bestia:
332 717 540 770 Calpurnio
560 718 737 756 Numidia
760 717 934 768 Scipioni
954 718 1059 757 Italia
1081 718 1247 757 obvenit.
1289 718 1427 756 deinde
1453 730 1519 757 ex·
1541 724 1559 755 5

105 773 249 812 ercitus
272 775 397 825 quiin
419 774 586 813 Africam
617 779 839 825 portaretur
867 774 1070 822 scribitur,
1101 774 1339 825 stipendium
1368 774 1518 825 aliaque

104 842 202 880 quae
223 829 322 869 bello
342 830 431 868 usui
461 830 590 869 forent
620 831 897 869 decernuntur.
948 836 984 869 at
1005 831 1214 881 Iugurtha,
1245 836 1380 869 contra
1410 842 1519 881 spem
1543 833 1592 868 28

103 886 241 925 nuntio
263 892 445 936 accepto,
467 886 613 938 quippe
635 887 697 925 cui
727 886 869 925 Romae
900 887 1028 925 omnia
1058 899 1200 926 venum
1229 886 1285 926 ire
1315 887 1354 925 in
1389 886 1518 926 animo

102 941 297 989 haeserat,
328 942 448 981 filium
479 948 515 981 et
545 954 632 981 cum
662 954 706 981 eo
737 941 834 981 duos
863 942 1060 981 familiaris
1091 943 1137 982 ad
1167 949 1343 982 senatum
1372 942 1519 993 legatos

103 998 219 1037 mittit
239 998 372 1049 eisque
393 999 447 1038 uti
464 999 551 1046 illis,
568 1011 667 1049 quos
684 998 902 1050 Hiempsale
920 999 1124 1038 interfecto
1141 999 1311 1046 miserat,
1328 999 1519 1050 praecipit

104 1054 230 1092 omnis
250 1054 423 1094 mortalis
444 1055 610 1106 pecunia
632 1055 916 1106 aggrediantur.
959 1056 1023 1106 qui
1047 1060 1251 1106 postquam
1274 1055 1433 1094 Romam
1452 1055 1518 1093 ad·
1543 1061 1561 1092 2

103 1109 328 1160 ventabant,
352 1117 508 1151 senatus
530 1124 549 1151 a
570 1111 697 1150 Bestia
719 1111 921 1150 consultus
943 1118 1000 1150 est
1028 1111 1250 1162 placeretne
1280 1111 1425 1162 legatos
1454 1111 1519 1149 Iu-

105 1166 266 1215 gurthae
287 1167 408 1218 recipi
425 1168 644 1216 moenibus,
667 1168 779 1219 eique
802 1168 1017 1216 decrevere,
1041 1167 1115 1206 nisi
1132 1179 1296 1218 regnum
1312 1168 1519 1218 ipsumque

106 1222 276 1261 deditum
296 1224 513 1272 venissent,
536 1223 592 1262 uti
612 1224 653 1262 in
674 1224 808 1262 diebus
838 1224 1037 1274 proxumis
1058 1224 1190 1262 decem
1221 1224 1325 1262 Italia
1357 1224 1518 1262 decede-

105 1282 204 1317 rent.
246 1279 384 1318 consul
405 1280 581 1318 Numidis
603 1292 648 1318 ex
669 1285 825 1319 senatus
846 1280 999 1319 decreto
1023 1280 1194 1319 nuntiari
1223 1280 1348 1319 iubet:
1379 1280 1429 1318 ita
1459 1279 1518 1318 in—
1543 1286 1561 1317 3

106 1334 215 1373 fectis
245 1335 361 1374 rebus
390 1335 444 1374 illi
480 1336 635 1374 domum
680 1336 895 1375 discedunt.
937 1337 1090 1375 interim
1116 1336 1350 1387 Calpurnius
1386 1342 1518 1387 parato
1542 1342 1561 1373 4

105 1392 275 1430 exercitu
296 1391 396 1443 legat
417 1392 489 1431 sibi
510 1392 688 1431 homines
710 1392 851 1430 nobilis
873 1392 1074 1439 factiosos,
1098 1404 1266 1442 quorum
1291 1392 1518 1430 auctoritate

105 1459 203 1497 quae
224 1447 449 1498 deliquisset
464 1449 611 1487 munita
629 1449 710 1486 sore
728 1448 917 1499 sperabat.
959 1449 999 1486 in
1016 1448 1103 1499 quis
1119 1449 1191 1486 fuit
1208 1448 1390 1492 Scaurus,
1409 1448 1520 1486 cuius

104 1503 151 1542 de
172 1509 308 1542 natura
330 1509 367 1543 et
388 1504 520 1543 habitu
541 1516 659 1555 supra
678 1505 988 1542 memoravimus.
1030 1516 1118 1542 nam
1141 1504 1179 1541 in
1202 1504 1363 1543 consule
1384 1510 1518 1542 nostro
1543 1511 1561 1542 5

57 1564 70 1570 “
103 1559 245 1599 multae
265 1559 468 1611 bonaeque
490 1566 590 1599 artes
615 1564 652 1598 et
680 1559 797 1598 animi
827 1565 865 1598 et
895 1559 1072 1611 corporis
1104 1565 1235 1608 erant,
1266 1572 1362 1610 quas
1392 1560 1519 1598 omnis

104 1616 256 1655 avaritia
276 1616 569 1668 praepediebat:
592 1615 744 1666 patiens
766 1615 954 1664 laborum,
977 1616 1056 1655 acri
1078 1616 1250 1666 ingenio,
1273 1616 1364 1655 satis
1389 1617 1520 1667 provi—

104 1672 210 1720 dens,
232 1672 323 1711 belli
344 1673 445 1712 haud
467 1673 639 1723 ignarus,
661 1672 919 1711 firmissumus
941 1678 1076 1711 contra
1097 1672 1269 1723 pericula
1292 1679 1329 1711 et
1346 1672 1519 1711 insidias.

103 1728 169 1767 sed
189 1728 363 1779 legiones
384 1742 456 1781 per
475 1729 620 1768 Italiam
650 1727 815 1779 Regium
846 1735 960 1779 atque
992 1729 1082 1767 inde
1103 1728 1271 1767 Siciliam
1286 1759 1295 1776 ,
1325 1740 1442 1779 porro
1475 1741 1521 1767 ex
1543 1733 1562 1765 6

104 1784 232 1824 Sicilia
260 1784 300 1823 in
332 1786 497 1824 Africam
529 1789 781 1823 transvectae.
826 1784 944 1834 igitur
976 1784 1211 1835 Calpurnius
1240 1784 1350 1822 initio
1379 1785 1521 1835 paratis
1543 1791 1561 1821 7

104 1841 380 1880 commeatibus
401 1842 540 1880 acriter
560 1840 778 1879 Numidiam
799 1840 999 1890 ingressus
1022 1846 1078 1879 est
1097 1840 1318 1891 multosque
1347 1840 1520 1879 mortalis

105 1903 142 1935 et
168 1897 276 1936 urbis
307 1897 453 1948 aliquot
481 1896 691 1947 pugnando
724 1896 838 1947 cepit.
880 1896 946 1935 sed
974 1896 1042 1934 ubi
1070 1895 1256 1946 Iugurtha
1278 1908 1349 1948 per
1374 1896 1520 1946 legatos
1544 1896 1594 1934 29

103 1952 270 2003 pecunia
290 1958 478 2004 temptare
499 1951 668 2003 bellique
689 1952 794 2003 quod
814 1952 1103 1991 administrabat
1123 1953 1367 2004 asperitatem
1389 1958 1520 1991 osten-

104 2009 195 2047 dere
217 2009 364 2060 coepit,
387 2009 540 2048 animus
560 2020 674 2058 aeger
694 2008 846 2048 avaritia
867 2008 977 2047 facile
998 2020 1211 2047 convorsus
1237 2014 1307 2047 est.
1347 2014 1521 2048 ceterum
1544 2015 1562 2046 2

105 2064 235 2103 socius
264 2071 301 2103 et
335 2064 559 2104 administer
589 2065 764 2104 omnium
794 2065 1047 2103 consiliorum
1086 2065 1303 2104 adsumitur
1337 2065 1520 2112 Scaurus,

106 2120 172 2172 qui
192 2122 343 2160 tametsi
363 2134 383 2160 a
405 2121 598 2172 principio
620 2121 818 2172 plerisque
838 2133 885 2160 ex
905 2121 1072 2160 factione
1089 2121 1172 2160 eius
1190 2121 1393 2172 conruptis
1414 2133 1522 2160 acer-

103 2188 215 2216 rume
236 2189 366 2228 regem
387 2178 685 2229 inpugnaverat,
708 2183 834 2217 tamen
855 2177 1122 2229 magnitudine
1150 2177 1338 2228 pecuniae
1367 2190 1387 2216 a
1416 2178 1521 2216 bono

103 2233 346 2284 honestoque
368 2234 408 2272 in
429 2245 585 2285 pravom
607 2233 821 2273 abstractus
843 2239 912 2273 est.
955 2234 1020 2272 sed
1037 2233 1223 2283 Iugurtha
1243 2233 1412 2284 primum
1434 2240 1521 2273 tan·
1545 2239 1563 2271 3

199 2356 247 2387 10.
261 2355 282 2388 1.
296 2355 444 2388 bestiaP
460 2357 552 2386 recte
574 2355 621 2394 (υ.
633 2354 824 2388 Mommsen
837 2354 1153 2396 R.Forsclz.1‚41),
1171 2354 1192 2387 l.
1207 2354 1399 2397 calpurnius
1411 2353 1521 2386 bestia

104 2398 194 2432 vell.
211 2399 320 2432 hestia
338 2399 529 2442 calpurnius
546 2399 602 2431 vel
615 2399 806 2443 calpurnius
823 2399 846 2432 l.
863 2399 991 2432 bestiae
1012 2398 1062 2443 (711
1085 2401 1123 2432 11
1142 2399 1207 2432 alia
1225 2409 1344 2442 quaeq;
1362 2398 1453 2431 bello
1468 2397 1519 2442 ΡΗ

109 2445 147 2476 12
173 2444 293 2477 florent
310 2445 363 2489 ΡΙΙ
386 2446 424 2478 13
441 2454 564 2477 uenum
581 2443 629 2476 ire
653 2445 720 2486 (vel
734 2445 787 2485 iri)
807 2444 840 2485 C,
865 2444 979 2477 venire
996 2444 1051 2476 PC
1067 2442 1079 2487 11
1102 2445 1137 2476 15
1160 2444 1323 2488 praecipit
1340 2443 1402 2484 PC,
1428 2453 1522 2486 prae-

105 2489 195 2531 cepit
221 2489 271 2532 0Ιί
294 2491 332 2523 19
366 2489 479 2522 italiae
505 2489 619 2530 131122
653 2489 834 2522 auctoritas
859 2488 913 2530 ΡΠ
931 2491 972 2522 25
999 2490 1088 2521 artes
1120 2491 1153 2522 et
1186 2489 1286 2521 animi
1309 2488 1446 2520 Fronto
1476 2489 1523 2521 ad

104 2533 233 2567 Ancon.
258 2534 325 2576 2,6
347 2545 381 2577 p.
398 2534 462 2567 109
488 2537 569 2565 teste
593 2534 651 2565 Du
676 2533 782 2566 Rieu:
807 2538 840 2566 et
865 2543 930 2565 om.
948 2533 1004 2566 PC
1019 2532 1033 2576 Η
1048 2535 1090 2566 26
1115 2533 1239 2566 laboris
1263 2532 1399 2566 Fronto
1426 2533 1445 2565 l.
1466 2543 1493 2566 c.
1510 2532 1522 2577 Η

106 2579 146 2611 27
165 2578 308 2612 inuidias
322 2580 352 2612 P
366 2578 377 2623 ΙΙ
395 2581 433 2613 31
450 2579 550 2612 urbes
565 2589 600 2621 p,
614 2578 694 2611 urbe
708 2578 760 2623 ΡΙΙ
781 2581 821 2613 32
835 2578 998 2622 pecuniae
1016 2578 1045 2610 P
1057 2579 1068 2621 {l
1088 2580 1127 2612 37
1144 2578 1285 2621 primum
1298 2577 1362 2619 PC,
1376 2577 1481 2621 primo
1497 2579 1524 2611 C
