1709 2885
153 78 209 120 28
485 96 489 100 ·
571 97 575 102 ·
666 82 701 116 C.
717 80 922 116 SALLUSTI
947 81 1106 123 CRISPlf

155 198 255 239 quae
275 185 488 225 victoribus
510 184 799 233 conlubuisset‚
821 185 908 224 sana
929 191 1045 236 atque
1068 184 1204 225 domos
1219 186 1391 239 spoliari,
1418 187 1575 228 caedem

154 242 335 282 incendia
363 242 469 289 fieri,
499 248 698 293 postremo
727 243 845 281 armis
875 240 1124 281 cadaveribus
1152 254 1292 282 cruore
1320 249 1437 294 atque
1464 244 1575 284 luctu

93 305 132 337 10
156 299 286 337 omnia
307 298 508 349 compleri.
550 298 639 346 sed,
660 310 731 350 per
752 297 845 337 deos
865 298 1100 344 inmortalis,
1123 310 1201 348 quo
1223 298 1286 337 illa
1307 299 1429 339 oratio
1453 301 1575 351 perti-

155 352 270 394 nuit?
299 366 347 394 an
377 355 434 393 uti
454 366 521 392 vos
541 354 704 393 infestos
725 354 987 393 coniurationi
1006 353 1182 393 faceret?
1203 355 1351 395 scilicet
1370 368 1485 407 quem
1511 369 1574 396 res

95 417 130 449 11
154 415 259 450 tanta
288 416 326 450 et
353 416 429 450 tam
459 416 568 449 atrox
589 423 669 449 non
691 410 901 461 permovit,
923 422 1011 450 eum
1033 411 1155 449 oratio
1187 411 1382 451 accendet.
1420 425 1500 452 non
1521 413 1574 452 ita
1603 418 1623 450 5

155 472 233 514 est,
266 479 396 519 neque
424 467 607 517 cuiquam
635 467 858 506 mortalium
887 467 1050 506 iniuriae
1080 479 1171 506 suae
1202 480 1338 518 parvae
1371 469 1572 508 videntur:

94 529 132 562 12
154 523 268 563 multi
289 536 352 562 eas
372 523 526 573 gravius
547 535 671 573 aequo
692 523 876 563 habuere.
916 523 983 563 sed
1000 523 1069 562 alia
1086 524 1170 562 aliis
1186 523 1340 563 licentia
1357 530 1427 572 est,
1443 532 1574 577 patres

156 579 384 631 conscripti.
424 580 490 631 qui
513 579 669 618 demissi
686 579 725 618 in
743 579 911 619 obscuro
928 580 1042 618 vitam
1058 580 1213 627 habent,
1230 580 1357 630 siquid
1375 580 1575 622 iracundia

153 637 374 687 deliquere,
405 635 519 687 pauci
548 635 698 683 sciunt,
728 636 826 675 sama
846 642 961 686 atque
982 636 1138 675 fortuna
1161 648 1295 675 eorum
1325 649 1439 689 pares
1458 643 1573 677 sunt:

154 692 221 744 qui
241 704 382 743 magno
405 693 568 744 imperio
591 692 755 743 praediti
773 692 815 732 in
832 693 983 731 excelso
998 699 1159 731 aetatem
1175 699 1307 744 agunt,
1325 705 1461 732 eorum
1476 694 1575 734 sacta
1606 699 1644 732 10

93 754 130 787 13
155 748 287 788 cuncti
317 748 499 788 mortales
519 760 675 788 novere.
716 748 767 788 ita
787 749 826 788 in
849 761 1024 788 maxuma
1046 750 1199 788 fortuna
1221 750 1393 788 minuma
1418 749 1576 790 licentia

92 811 131 843 14
156 812 224 845 est.
265 817 394 856 neque
416 804 573 843 studere
595 817 722 855 neque
744 805 882 853 odisse,
905 805 972 844 sed
987 805 1161 844 minume
1182 805 1294 844 irasci
1312 806 1434 845 decet.
1477 817 1576 857 quae

154 861 259 913 apud
281 861 376 900 alios
398 861 598 900 iracundia
619 861 772 914 dicitur,
795 874 836 900 ea
859 863 899 900 in
920 861 1084 912 imperio
1107 861 1287 913 superbia
1304 870 1419 913 atque
1435 862 1576 902 crude-

91 924 130 956 15
153 919 240 957 litas
269 918 497 969 appellatur.
540 917 719 968 equidem
751 930 824 968 ego
851 918 908 956 sic
936 917 1146 965 existumo,
1184 923 1312 970 patres
1347 919 1574 970 conscripti,

153 974 282 1013 omnis
304 974 500 1013 cruciatus
519 973 692 1014 minores
712 986 826 1025 quam
849 975 1021 1014 facinora
1043 973 1196 1014 illorum
1219 987 1315 1014 esse.
1355 975 1422 1014 sed
1455 974 1575 1026 pleri-
1606 979 1644 1012 15

153 1043 230 1082 que
250 1031 433 1070 mortales
454 1036 649 1081 postrema
670 1031 895 1080 meminere,
917 1037 954 1070 et
974 1030 1013 1069 in
1034 1030 1260 1070 hominihus
1281 1031 1398 1083 inpiis
1418 1031 1577 1071 sceleris

91 1092 130 1125 16
153 1099 290 1127 eorum
320 1087 426 1126 obliti
457 1087 504 1126 de
524 1099 650 1138 poena
671 1087 888 1135 disserunt,
911 1088 942 1126 si
965 1100 1006 1126 ea
1028 1087 1143 1138 paulo
1164 1087 1311 1126 saevior
1332 1087 1418 1127 suit.
1442 1087 1488 1128 D.
1510 1087 1572 1127 Si-

149 1143 283 1183 lanum
320 1143 444 1182 virum
479 1144 616 1182 fortem
654 1149 769 1194 atque
803 1152 1009 1183 strenuum
1045 1150 1151 1182 certo
1186 1143 1266 1181 scio
1302 1155 1399 1194 quae
1436 1144 1577 1183 dixerit

151 1199 281 1239 studio
313 1200 368 1239 rei
398 1199 577 1251 publicae
607 1199 747 1238 dixisse
777 1212 906 1250 neque
934 1199 1043 1238 illum
1074 1199 1113 1238 in
1136 1204 1240 1239 tanta
1261 1211 1303 1238 re
1329 1200 1487 1250 gratiam
1510 1205 1577 1239 aut

152 1256 374 1295 inimicitias
397 1268 597 1295 exercere:
622 1268 688 1294 eos
709 1268 839 1295 mores
860 1268 1022 1306 eamque
1043 1255 1270 1294 modestiam
1299 1255 1369 1294 viri
1398 1257 1574 1307 cognovi.
1604 1261 1646 1294 20

91 1318 128 1350 17
152 1325 287 1351 verum
317 1312 509 1351 sententia
538 1312 622 1350 eius
653 1312 749 1350 mihi
779 1325 860 1351 non
890 1311 1059 1351 crudelis
1079 1334 1134 1340 —
1167 1312 1261 1363 quid
1291 1313 1395 1351 enim
1425 1313 1464 1352 in
1489 1312 1577 1352 talis

151 1369 331 1407 homines
361 1368 518 1407 crudele
548 1368 631 1407 fieri
660 1373 790 1419 potest
801 1367 819 1406 ’ἲ
840 1392 895 1397 -—
917 1368 984 1407 sed
1014 1368 1139 1407 aliena
1160 1381 1178 1408 a
1200 1380 1242 1407 re
1263 1368 1418 1419 publica
1443 1374 1578 1408 nostra

93 1431 130 1464 18
152 1425 316 1464 videtur.
359 1437 447 1463 nam
479 1424 656 1475 profecto
685 1431 751 1464 aut
781 1431 909 1465 metus
930 1430 996 1464 aut
1015 1424 1158 1463 iniuria
1179 1431 1217 1464 te
1237 1424 1409 1475 subegit,
1432 1425 1576 1473 Silane,

91 1487 132 1520 19
154 1481 357 1520 consulem
379 1481 623 1530 designatum
647 1493 772 1531 genus
788 1494 937 1532 poenae
953 1493 1094 1520 novom
1110 1481 1334 1520 decernere.
1375 1482 1421 1521 de
1436 1482 1578 1522 timore

155 1549 516 1589 supervacuaneum
533 1542 592 1575 est
608 1537 811 1582 disserere,
829 1550 916 1576 eum
933 1537 1160 1588 praesertim
1178 1537 1376 1588 diligentia
1393 1538 1577 1577 clarissu-
1605 1539 1645 1578 25

90 1599 131 1632 20
153 1594 207 1633 mi
228 1593 299 1633 viri
323 1593 496 1632 consulis
518 1599 622 1632 tanta
645 1593 834 1644 praesidia
857 1593 935 1632 sint
956 1593 995 1631 in
1018 1593 1147 1632 armis.
1189 1594 1235 1632 de
1260 1607 1384 1645 poena
1414 1606 1577 1646 possum

154 1649 332 1701 equidem
357 1650 485 1688 dicere
507 1649 544 1687 id
565 1650 669 1700 quod
690 1662 754 1688 res
774 1650 901 1697 hahet,
918 1650 958 1688 in
976 1650 1081 1689 luctu
1100 1655 1214 1700 atque
1230 1650 1396 1689 miseriis
1411 1656 1578 1691 mortem

153 1718 428 1746 aerumnarum
449 1706 626 1756 requiem
643 1719 723 1744 non
741 1705 954 1745 cruciatum
974 1718 1072 1754 esse,
1095 1719 1175 1746 eam
1197 1713 1336 1746 cuncta
1355 1707 1577 1747 mortalium

89 1768 128 1801 21
152 1763 251 1802 mala
273 1763 496 1809 dissolvere,
515 1763 615 1801 ultra
630 1774 759 1812 neque
776 1774 892 1800 curae
909 1774 1038 1812 neque
1054 1762 1194 1812 gaudio
1210 1763 1338 1802 locum
1355 1775 1453 1803 esse.
1493 1764 1576 1809 sed,

153 1831 226 1871 per
247 1819 340 1858 deos
362 1818 592 1866 inmortalis,
615 1830 729 1868 quam
748 1818 796 1857 ob
813 1830 894 1857 rem
910 1818 950 1857 in
967 1818 1198 1858 sententiam
1217 1832 1294 1858 non
1311 1819 1502 1868 addidisti,
1520 1820 1576 1860 uti
1605 1826 1646 1860 30

89 1880 130 1914 22
153 1875 265 1927 prius
295 1874 521 1915 verberibus
551 1875 590 1913 in
622 1887 688 1913 eos
718 1873 1121 1914 animadverteretur?
1150 1887 1197 1913 an
1229 1875 1318 1926 quia
1352 1876 1414 1915 lex
1440 1875 1578 1916 Porcia

153 1930 282 1971 vetat?
304 1938 342 1971 at
363 1931 457 1970 aliae
480 1931 584 1980 leges
605 1931 697 1969 item
720 1931 987 1970 condemnatis
1009 1931 1157 1970 civibus
1179 1944 1259 1971 non
1288 1932 1457 1972 animam
1477 1931 1578 1984 eripi

90 1993 130 2026 23
154 1988 222 2027 sed
244 1988 399 2026 exilium
422 1987 594 2038 permitti
617 1987 764 2026 iubent.
807 2000 854 2026 an
878 1988 967 2038 quia
989 1987 1142 2037 gravius
1163 1994 1222 2027 est
1246 1987 1440 2028 verberari
1461 2000 1578 2040 quam

154 2042 316 2084 necari?
339 2043 431 2094 quid
453 2049 580 2082 autem
602 2044 785 2083 acerbum
807 2051 873 2083 aut
894 2044 1010 2083 nimis
1028 2055 1140 2106 grave
1154 2050 1212 2083 est
1228 2044 1267 2083 in
1286 2044 1466 2084 homines
1480 2044 1578 2086 tanti

89 2106 130 2138 24
153 2100 338 2140 facinoris
369 2098 599 2140 convictos?
629 2100 689 2139 sin
711 2100 800 2151 quia
821 2100 943 2139 levius
965 2107 1043 2148 est,
1066 2100 1133 2152 qui
1163 2101 1344 2140 convenit
1363 2101 1404 2140 in
1425 2101 1577 2141 minore
1604 2107 1646 2142 35

248 2203 259 2233 l
281 2200 500 2233 conlibuisset
515 2211 545 2241 z,
562 2201 712 2241 August.
727 2200 768 2232 de
786 2210 812 2232 e.
827 2200 859 2232 d.
874 2201 905 2241 J,
918 2201 951 2241 5,
969 2201 1127 2232 imitator
1144 2203 1298 2233 controv.
1312 2202 1351 2232 in
1368 2199 1452 2233 Sall.
1466 2200 1499 2241 5,
1514 2200 1575 2234 13.-

151 2245 396 2279 conlibuissent
414 2244 530 2288 1²1an
550 2247 568 2278 3
594 2245 765 2288 pertimuit
791 2244 883 2286 P114
910 2244 1146 2277 coniuracione
1170 2245 1294 2278 faceret
1319 2248 1377 2285 (eac
1401 2245 1498 2285 fatet)
1517 2245 1546 2278 P
1564 2247 1577 2288 ss

151 2293 171 2323 5
194 2291 362 2333 permouit
391 2290 463 2329 PC,
488 2294 662 2332 permonet
683 2301 706 2333 p
732 2293 770 2322 in
792 2300 916 2331 marg„
943 2289 1005 2331 ΙἸΙ
1022 2289 1184 2323 accendet
1211 2289 1280 2329 PC,
1309 2289 1464 2323 accendit
1485 2300 1509 2332 p
1537 2292 1577 2323 in

150 2346 276 2378 marg„
294 2334 356 2368 VC
369 2335 381 2378 ΙΙ
401 2338 419 2369 ὃ
444 2336 570 2368 habent.
585 2335 649 2376 PC,
674 2339 777 2377 agunt
793 2346 815 2377 p
833 2337 870 2367 in
887 2344 1012 2375 mat-g..
1038 2335 1057 2367 l
1065 2335 1100 2368 ‘C
1116 2334 1128 2378 ΙΙ
1148 2337 1185 2368 17
1212 2335 1322 2368 seuior
1338 2334 1402 2375 PC,
1427 2335 1577 2369 seuerior

151 2379 215 2414 VC
230 2380 242 2424 ΙΙ
259 2382 302 2414 20
315 2379 515 2413 modestiam
529 2392 574 2413 ω’
586 2381 767 2413 mestitiam
784 2381 815 2412 P
829 2379 842 2423 Η
858 2381 898 2413 23
915 2379 1043 2422 silenat·
1057 2380 1110 2422 Pss
1129 2381 1170 2413 25
1185 2390 1493 2423 supervacuaneum
1506 2379 1577 2421 PV,

153 2435 442 2477 superuacaneum
459 2437 485 2468 p
506 2428 542 2457 in
559 2436 670 2468 marm.
692 2425 704 2468 ΙΙ
721 2427 763 2459 26
788 2425 821 2457 in
847 2425 946 2458 armis
971 2426 1036 2459 sint
1055 2424 1115 2469 Vll
1134 2427 1176 2460 30
1194 2425 1396 2458 sententiam
1413 2424 1477 2468 PC,
1501 2434 1578 2459 seu-

153 2471 259 2504 tentia
274 2471 295 2504 1
300 2469 360 2514 011
381 2471 442 2504 31“
436 2481 468 2504 in
483 2480 542 2503 eos
559 2471 756 2504 uerberibus
773 2470 808 2503 Ι
819 2469 832 2514 ΙΙ
852 2470 1081 2505 aduerteretur
1095 2474 1153 2511 (eat
1169 2471 1236 2511 au.)
1252 2470 1288 2502 Ρ.
1309 2470 1445 2504 θιιίῐῑιίη
1460 2480 1576 2512 marg.

149 2514 207 2559 pss
223 2516 338 2559 porcio
356 2527 400 2548 ea·
419 2516 525 2559 portia
541 2516 593 2559 I’ll
613 2518 654 2550 32
673 2516 753 2549 item
771 2515 811 2548 de
827 2515 1057 2549 condemnatis
1071 2514 1133 2559 1²11
1150 2517 1191 2549 35
1210 2515 1286 2558 qui*
1300 2517 1337 2554 (s.
1351 2528 1376 2550 s.
1391 2515 1574 2559 quomodo

147 2571 187 2604 p,
213 2561 234 2594 d
255 2565 376 2604 postea
403 2563 515 2600 erasa)
540 2562 575 2601 P,
602 2561 657 2605 qui
684 2560 753 2602 be,
779 2559 859 2604 quid
887 2560 913 2592 C

1696 2498 1709 2545 f
