1709 2885
37 710 74 741 10

35 989 71 1021 15

29 1268 71 1301 20

26 1549 65 1581 25

23 1829 63 1862 30

21 2108 60 2141 35

567 95 615 128 DE
640 95 772 128 BELLO
795 95 865 129 IUG
871 95 1057 129 URTHINO
1461 94 1512 134 67

107 198 259 238 Μ313110
281 198 354 237 13111
370 204 480 237 30133
497 198 770 249 experimentis
799 197 998 247 cognitum
1019 205 1098 237 erat
1119 209 1244 248 genus
1260 197 1510 237 Numidarum

108 255 281 299 infidum,
303 254 461 305 ingenio
477 254 622 301 mobili,
644 266 829 292 novarum
850 266 980 293 rerum
1000 254 1152 292 avidum
1174 266 1268 293 esse.
1306 254 1436 305 itaque
1456 255 1510 293 le·
1534 262 1553 294 4

107 316 214 362 gatos
234 310 350 349 alium
383 310 429 349 ab
450 311 523 349 alio
545 310 718 349 divorsos
746 309 968 360 aggreditur
987 322 1031 349 30
1060 310 1242 360 1130131101
1271 311 1509 361 temptando,

106 373 308 418 postquam
334 372 578 418 opportunos
609 365 681 404 sibi
707 366 898 417 cognovit,
927 366 1045 404 multa
1067 365 1285 416 pollicendo
1307 367 1513 417 persuadet

105 423 160 462 uti
181 422 407 473 Iugurtham
428 434 602 462 maxume
635 422 770 469 vivom,
799 422 858 461 sin
881 422 917 460 id
939 434 1076 474 parum
1097 422 1302 473 procedat,
1332 429 1508 462 necatum

106 478 178 518 sibi
199 479 407 518 traderent.
440 484 609 518 ceterum
626 478 749 530 palam
772 491 868 529 quae
885 491 930 517 ex
943 479 1137 518 voluntate
1160 479 1288 517 forent
1307 479 1390 529 regi
1406 492 1509 518 nun-

104 535 189 575 tiari
211 535 328 574 iubet.
366 535 504 574 deinde
525 535 606 586 ipse
626 535 760 585 paucis
781 534 917 574 diebus
934 535 1084 574 intento
1106 542 1220 584 atque
1236 535 1378 573 infesto
1400 547 1508 574 exer·
1531 543 1549 572 5

104 591 182 630 citu
204 591 242 629 in
264 591 478 630 Numidiam
501 591 688 642 procedit,
711 590 776 629 ubi
798 597 930 629 contra
952 591 1041 630 belli
1062 591 1198 630 faciem
1219 591 1374 641 tuguria
1394 591 1508 642 plena

103 645 318 696 hominum,
341 660 481 698 pecora
497 648 741 698 cultoresque
759 647 798 685 in
817 647 917 697 agris
939 653 1059 686 erant.
1096 659 1141 686 ex
1156 647 1309 698 oppidis
1326 652 1363 686 et
1377 659 1507 698 mapa-

103 703 205 742 libus
226 704 407 754 praefecti
438 704 539 754 regis
568 703 666 741 obvii
697 703 958 754 procedebant
987 703 1105 755 parati
1135 703 1374 742 frumentum
1405 703 1507 745 dare,

103 766 346 798 conmeatum
376 766 543 810 portare,
566 764 760 810 postremo
791 759 918 797 omnia
941 772 1038 810 quae
1059 760 1343 810 imperarentur
1370 759 1506 798 facere.

102 828 229 866 neque
249 815 425 854 Metellus
446 815 590 854 idcirco
611 816 753 862 minus,
776 815 842 854 sed
870 816 1013 866 pariter
1033 828 1077 854 ac
1098 816 1130 854 si
1150 815 1284 854 hostes
1315 815 1506 854 adessent.
1530 821 1549 853 6

100 871 249 910 munito
279 871 378 922 agmi
461 871 662 919 incedere,
691 871 765 910 late
795 871 994 922 explorare
1023 871 1172 919 omnia,
1210 870 1272 910 illa
1304 871 1508 910 deditionis

100 927 210 977 signa
226 882 568 990 1151301οΜ13
585 934 621 966 31
637 902 786 967 insidiis
801 928 931 966 locum
945 928 1135 991 temptari.
1173 927 1301 978 itaque
1317 929 1400 979 ipse
1420 940 1505 967 cum
1533 935 1549 965 7

101 983 286 1034 expeditis
314 983 594 1044 cohortibusx,x
592 984 683 1037 item
712 984 884 1022 funditoi
888 996 953 1022 um
983 991 1019 1023 et
1047 984 1332 1034 sagittariorum
1363 984 1508 1024 delecta

629 1040 681 1086 ”sn
698 1046 895 1091 postremo
912 1040 951 1080 C.
969 1040 1113 1079 Marius
1128 1041 1277 1090 legatus
1294 1052 1380 1079 cum
1399 1040 1507 1091 equi-

98 1095 201 1134 tibus
223 1096 400 1143 curabat,
422 1096 461 1135 in
483 1103 641 1147 utrumq
726 1102 812 1146 atus
832 1096 1052 1135 auxiliarios
1079 1096 1228 1147 equites
1257 1097 1424 1135 1111111015
1453 1096 1506 1135 13-

99 1151 258 1201 gionum
280 1158 317 1191 et
334 1153 538 1202 praefectis
555 1152 704 1191 cohorti
752 1150 756 1162 ²
790 1153 1068 1203 dispertiverat,
1091 1158 1133 1191 ut
1149 1165 1236 1191 cum
1255 1152 1309 1191 eis
1325 1153 1505 1203 permixti

98 1207 251 1254 velites,
276 1220 522 1259 quocumque
543 1209 786 1257 adcederent‚
811 1209 1005 1260 equitatus
1026 1209 1197 1248 hostium
1217 1209 1505 1260 propulsarent.

101 1275 188 1302 nam
209 1264 248 1302 in
270 1264 456 1314 Iugurtha
476 1272 603 1304 tantus
625 1265 736 1303 dolus
758 1270 938 1315 tantaque
953 1265 1091 1317 peritia
1107 1264 1280 1303 locorum
1299 1272 1336 1304 et
1351 1265 1506 1303 militiae
1529 1270 1547 1302 8

99 1325 192 1367 erat,
214 1327 257 1359 ut
277 1320 417 1359 absens
438 1333 485 1359 30
507 1333 705 1372 praesens,
720 1333 854 1372 pacem
868 1334 916 1360 an
933 1321 1076 1360 bellum
1093 1332 1232 1371 gerens
1248 1321 1506 1372 perniciosior

97 1381 208 1423 esset,
227 1376 266 1415 in
284 1376 432 1415 incerto
449 1376 665 1416 haberetur.
703 1383 783 1416 erat
797 1377 900 1416 haud
916 1377 1031 1428 longe
1052 1377 1098 1416 ab
1114 1389 1158 1416 eo
1172 1377 1323 1424 itinere,
1336 1389 1412 1428 quo
1423 1377 1503 1416 Me-
1529 1379 1575 1414 47

97 1431 209 1470 tellus
229 1432 425 1483 pergebat,
446 1433 632 1484 oppidum
645 1433 897 1472 Numidarum
919 1433 1076 1472 nomine
1092 1433 1205 1483 Vaga,
1228 1434 1352 1472 forum
1374 1445 1502 1471 rerum
1559 1454 1565 1472 ;

98 1051 214 1078 manu
236 1040 336 1090 apud
359 1040 504 1102 primos
527 1052 589 1079 era
611 1071 620 1088 ,

1545 1478 1582 1485 Qu<

94 1488 285 1526 venalium
306 1489 423 1527 totius
443 1490 553 1540 regni
574 1501 750 1528 maxume
767 1489 1013 1537 celebratum,
1030 1489 1095 1528 ubi
1110 1494 1148 1527 et
1163 1489 1335 1528 incolere
1352 1495 1389 1528 et
1402 1501 1503 1528 mer-

94 1544 172 1582 cari
189 1551 470 1583 consueverant
485 1545 604 1584 Italici
619 1545 771 1595 generis
787 1545 899 1584 multi
915 1545 1108 1584 mortales.
1139 1545 1217 1583 huc
1233 1546 1371 1584 consul
1387 1545 1501 1584 simul
1527 1551 1545 1583 2

93 1601 304 1651 temptandi
329 1601 449 1651 gratia
480 1606 515 1640 et
536 1602 567 1640 si
588 1606 814 1652 paterentur
834 1601 1146 1652 opportunitates
1167 1600 1240 1640 loci
1266 1601 1501 1652 praesidium

92 1655 278 1707 inposuit.
319 1663 515 1708 praeterea
537 1657 737 1708 imperavit
756 1657 995 1696 frumentum
1019 1662 1056 1696 et
1075 1657 1147 1696 alia
1169 1669 1266 1708 quae
1286 1657 1386 1696 bello
1413 1658 1502 1696 usui

92 1712 221 1751 forent
242 1720 487 1764 conportare,
510 1720 627 1761 ratus,
645 1714 682 1752 id
700 1713 802 1764 quod
819 1726 880 1752 res
897 1713 1089 1761 monebat,
1107 1714 1365 1764 frequentiam
1382 1726 1502 1764 nego-

92 1767 272 1808 tiatorum
295 1775 331 1808 et
352 1775 554 1808 conmeatu
575 1772 787 1808 iuvaturam
810 1770 1020 1808 exercitum
1042 1775 1078 1808 et
1106 1769 1181 1808 iam
1214 1770 1355 1820 paratis
1384 1770 1501 1808 rebus

90 1825 332 1864 munimento
362 1826 456 1863 fore.
497 1826 599 1865 inter
629 1826 723 1864 haec
753 1825 905 1875 negotia
934 1824 1120 1876 Iugurtha
1153 1825 1356 1876 inpensius
1384 1826 1498 1864 modo
1523 1832 1542 1863 3

89 1879 234 1930 legatos
255 1881 452 1931 supplices
472 1882 636 1929 mittere,
659 1893 792 1932 pacem
814 1893 944 1929 orare,
966 1886 1120 1932 praeter
1139 1893 1247 1920 suam
1267 1881 1499 1921 liberorum-

90 1948 166 1987 que
189 1936 298 1974 vitam
320 1936 448 1975 omnia
469 1936 622 1976 Metello
653 1937 804 1976 dedere.
847 1949 945 1988 quos
973 1938 1064 1976 item
1094 1937 1151 1976 uti
1182 1938 1332 1988 priores
1362 1938 1498 1977 consul
1522 1944 1542 1976 4

89 1992 253 2031 inlectos
282 1992 327 2030 ad
358 1992 616 2044 proditionem
648 1993 804 2032 domum
834 1993 1063 2041 dimittebat,
1099 1994 1180 2044 regi
1214 2006 1349 2045 pacem
1411 2007 1498 2033 uam

88 2047 306 2099 postulabat
326 2061 453 2099 neque
473 2049 643 2088 abnuere
665 2061 792 2101 neque
812 2049 987 2101 polliceri
1009 2056 1045 2089 et
1065 2049 1168 2089 inter
1184 2062 1246 2089 eas
1265 2062 1390 2090 moras
1456 2063 1498 2089 o·

89 2105 204 2143 missa
225 2104 439 2155 legatorum
460 2112 672 2156 expectare.

200 2160 385 2212 Iugurtha
416 2160 482 2199 ubi
502 2161 643 2200 Metelli
671 2162 769 2200 dicta
798 2173 887 2200 cum
916 2162 1025 2200 factis
1054 2161 1261 2211 conposuit
1289 2174 1334 2200 30
1355 2174 1395 2200 53
1416 2162 1492 2200 sui.
1519 2166 1567 2202 48

86 2216 233 2259 artibus
252 2217 432 2268 temptari
453 2217 732 2266 animadvortit,
753 2218 900 2269 quippe
920 2217 982 2257 cui
1003 2217 1128 2256 verbis
1142 2229 1215 2268 pax
1232 2218 1494 2266 nuntiabatur,

176 2306 196 2338 6
222 2308 331 2337 cetera
363 2316 385 2346 p
420 2307 456 2336 in
487 2315 598 2347 marg.
619 2304 631 2349 ΙΙ
647 2305 792 2338 nuntiari
826 2305 867 2342 C,
904 2306 1056 2338 nuntiare
1080 2305 1136 2338 PC
1149 2304 1160 2349 ΙΙ
1183 2308 1222 2339 13
1248 2305 1426 2338 deditionis
1452 2317 1496 2337 ex

86 2349 312 2382 dedicacionis
337 2351 366 2381 P
381 2348 392 2392 ΙΙ
413 2352 451 2382 14
478 2351 630 2392 temptari
654 2361 684 2392 z,
709 2354 871 2393 temptare
895 2351 951 2383 PC
966 2351 978 2393 ss
998 2352 1036 2384 19
1062 2360 1274 2393 quocumque
1295 2362 1331 2393 p,
1360 2360 1494 2393 quoque

85 2393 139 2438 Ρη
158 2395 198 2427 21
217 2404 259 2426 311
276 2394 339 2435 PC,
357 2394 411 2426 uel
431 2394 457 2426 C
470 2394 481 2438 Η
502 2396 542 2427 22
560 2394 593 2426 10
610 2395 737 2428 incerto
757 2395 791 2437 C,
808 2395 842 2428 in
859 2406 924 2428 om.
943 2395 1023 2438 Pon
1043 2397 1084 2429 23
1103 2394 1209 2438 Vaga]
1229 2407 1257 2428 υ.
1277 2394 1325 2427 ad
1340 2406 1365 2428 3,
1380 2395 1434 2435 29,
1450 2395 1495 2438 431

87 2440 128 2472 25
154 2439 253 2472 simul
277 2442 299 2471 t.
319 2449 348 2481 g.
364 2443 397 2472 et
422 2439 449 2471 si
474 2450 505 2481 p.
524 2449 554 2471 o.
572 2439 628 2472 PC
650 2441 700 2479 (et
717 2440 782 2472 del.
802 2440 1000 2482 lionzghoff,
1025 2444 1062 2472 at
1078 2439 1122 2479 cf.
1138 2451 1172 2482 p.
1189 2440 1244 2481 68,
1260 2440 1320 2481 21-
1345 2440 1443 2473 511001
1461 2446 1495 2472 31

87 2487 110 2516 t.
127 2493 158 2525 g.
174 2483 202 2516 si
219 2495 251 2526 p.
269 2494 299 2516 o.
325 2484 380 2516 vel
402 2484 500 2517 simul
518 2488 539 2516 t.
559 2493 589 2526 g.
607 2484 635 2516 si
654 2495 684 2527 p.
702 2485 744 2517 ob
769 2485 837 2525 (vel
853 2487 1001 2528 propter)
1026 2496 1055 2518 o.
1077 2496 1113 2523 z;
1139 2485 1377 2528 oportunitate,
1402 2485 1497 2526 quod

87 2539 131 2560 ecc
148 2528 176 2561 C
196 2529 285 2567 falso
309 2529 471 2570 relatum,
498 2529 668 2561 &mter-us
686 2530 698 2571 ΙΙ
715 2531 755 2563 29
781 2533 967 2563 commeatu
993 2530 1180 2563 iuuaturam
1200 2530 1355 2570 Ursinus,
1379 2530 1492 2562 Madv.

86 2573 173 2606 Adv.
186 2573 218 2615 2,
231 2573 319 2606 291:
344 2578 566 2607 commeatum
592 2576 655 2613 (-tu
682 2574 742 2614 02)
766 2574 955 2608 iuuaturum
980 2575 1180 2615 (iuuatorum
1204 2577 1240 2612 P,
1266 2585 1355 2608 corr.
1379 2578 1415 2617 p)
1440 2575 1496 2608 PC

1195 2632 1235 2663 5*

1541 2266 1572 2328 Χ,

1598 2390 1694 2595 N
