1709 2885
26 727 64 760 10

28 1008 65 1041 15

26 1287 66 1321 20

25 1568 66 1602 25

22 2129 61 2162 35

471 112 526 146 DE
552 111 869 146 CONIURATIONE
895 110 1120 144 CATILINAE
1452 107 1499 146 15

90 217 211 256 fuere.
253 215 371 266 igitur
393 215 558 254 comitiis
582 215 721 254 habitis
743 214 924 253 consules
946 214 1191 253 declarantur
1219 213 1269 252 M.
1292 211 1443 250 Tullius
1465 218 1502 250 et
1524 214 1582 252 24⁷

92 273 132 313 C.
149 271 355 321 Antonius,
379 272 482 323 quod
502 271 646 311 sactum
667 271 793 322 primo
812 270 1010 322 popularis
1032 269 1313 308 coniurationis
1335 280 1500 307 concus-
1525 275 1545 307 2

91 334 205 368 serat.
240 340 368 378 neque
385 333 512 367 tamen
536 327 717 367 Catilinae
734 327 845 365 furor
864 325 1123 371 minuebatur,
1146 326 1211 364 sed
1235 326 1274 364 in
1293 324 1373 363 dies
1389 323 1500 376 plura

91 385 255 435 agitare,
277 396 382 423 arma
402 397 473 435 per
493 383 636 422 Italiam
658 383 754 421 locis
776 382 1009 434 opportunis
1030 394 1179 433 parare,
1205 381 1411 432 pecuniam
1432 393 1502 419 sua

90 446 156 480 aut
175 440 388 480 amicorum
409 440 482 479 fide
504 444 695 491 sumptam
717 444 890 478 mutuam
907 438 1087 477 Faesulas
1109 437 1155 477 ad
1170 437 1355 476 Manlium
1378 449 1502 487 quen-

91 498 176 536 dam
197 501 366 548 portare,
398 496 464 548 qui
485 500 619 547 postea
649 495 834 546 princeps
856 495 927 533 fuit
952 494 1042 534 belli
1063 493 1247 533 faciundi.
1290 505 1331 532 ea
1355 499 1503 543 tempe·
1527 498 1546 531 3

90 558 186 592 state
208 553 397 604 plurimos
427 553 617 603 cuiusque
638 551 791 601 generis
822 551 1000 590 homines
1021 550 1226 589 adscivisse
1255 549 1328 588 sibi
1350 549 1504 597 dicitur,

89 609 276 648 mulieres
293 609 406 648 etiam
428 609 586 659 aliquot,
609 620 706 659 quae
728 607 853 658 primo
871 607 1042 658 ingentis
1063 611 1242 658 sumptus
1264 611 1401 656 stupro
1416 617 1503 644 cor-

91 665 200 717 poris
221 666 496 712 toleraverant,
526 670 616 716 post
636 663 704 703 ubi
734 669 837 702 aetas
860 669 1007 703 tantum
1028 662 1144 702 modo
1175 661 1353 711 quaestui
1376 674 1504 712 neque

91 721 266 760 luxuriae
297 721 454 760 modum
475 721 637 766 fecerat,
669 732 733 759 aes
755 719 923 758 alienum
945 719 1090 771 grande
1112 719 1383 759 conflaverant.
1433 729 1504 769 per
1526 724 1547 756 4

93 790 156 817 eas
186 790 227 816 se
249 776 407 816 Catilina
438 776 619 815 credebat
639 788 754 827 posse
780 775 933 815 servitia
954 776 1102 814 urbana
1123 774 1344 821 sollicitare,
1366 773 1504 813 urbem

91 834 313 881 incendere,
333 832 437 872 viros
459 845 591 871 earum
611 833 671 871 vel
692 832 902 883 adiungere
923 832 994 870 sibi
1015 831 1075 870 vel
1092 831 1323 870 interficere.
1375 829 1441 870 sed
1462 829 1502 869 in
1526 831 1578 869 25

93 890 148 929 eis
174 895 255 928 erat
275 889 525 940 Sempronia,
557 901 654 939 quae
685 888 805 927 multa
835 901 949 939 saepe
970 888 1090 927 virilis
1121 887 1301 927 audaciae
1331 886 1504 925 facinora

93 945 337 984 conmiserat.
378 946 472 984 haec
492 945 632 984 mulier
653 957 796 996 genere
817 950 932 996 atque
954 945 1088 991 forma,
1111 949 1311 995 praeterea
1330 943 1411 982 viro
1425 973 1434 991 ,
1456 942 1505 981 li·
1527 949 1548 981 2

92 1001 197 1040 beris
226 1002 317 1040 satis
338 1002 533 1040 fortunata
552 1002 646 1050 suit;
677 1001 815 1040 litteris
838 1000 993 1040 Graecis
1015 1006 1052 1039 et
1070 1000 1371 1047 Latinis-docta,
1402 998 1507 1050 psal-

93 1057 172 1096 lere
189 1057 324 1096 saltare
347 1058 573 1108 elegantius,
596 1070 711 1108 quam
727 1069 888 1096 necesse
906 1063 963 1096 est
984 1056 1141 1108 probae,
1164 1056 1283 1094 multa
1299 1055 1384 1104 alia,
1407 1067 1507 1106 quae

93 1114 351 1153 instrumenta
380 1114 556 1154 luxuriae
575 1119 680 1153 sunt.
731 1114 798 1153 sed
819 1113 852 1152 ei
883 1113 1030 1152 cariora
1056 1125 1212 1163 semper
1242 1112 1369 1151 omnia
1391 1123 1505 1163 quam
1530 1117 1549 1149 3

95 1170 211 1209 decus
243 1176 357 1221 atque
378 1170 565 1221 pudicitia
593 1170 687 1218 suit3
718 1169 907 1221 pecuniae
928 1183 976 1209 an
1008 1170 1130 1208 famae
1154 1169 1284 1207 minus
1315 1173 1507 1219 parceret,

92 1226 196 1265 haud
225 1226 336 1264 facile
365 1226 607 1265 discerneres
618 1239 628 1275 ;
658 1226 790 1264 lubido
812 1226 866 1265 sic
888 1238 1071 1273 accensa,
1101 1231 1150 1264 ut>
1173 1225 1328 1277 saepius
1358 1229 1510 1275 peteret

95 1283 197 1321 viros
229 1294 342 1333 quam
373 1287 583 1334 peteretur.
643 1283 709 1321 sed
732 1295 773 1321 ea
805 1295 919 1333 saepe
940 1283 1102 1321 antehac
1126 1281 1242 1319 fidem
1273 1280 1508 1332 prodiderat,
1530 1287 1551 1319 4

95 1338 285 1377 creditum
306 1338 558 1386 abiuraverat,
580 1338 707 1377 caedis
729 1338 883 1377 conscia
906 1338 1042 1385 fuerat,
1065 1337 1216 1377 luxuria
1238 1342 1354 1386 atque
1375 1337 1508 1388 inopia

93 1406 280 1446 praeceps
301 1394 458 1433 abierat.
506 1407 640 1434 verum
661 1395 863 1445 ingenium
894 1394 976 1433 eius
1005 1393 1105 1432 haud
1129 1393 1361 1432 absurdum:
1394 1405 1510 1444 posse
1534 1399 1553 1432 5

92 1462 226 1489 versus
248 1451 395 1498 facere,
419 1451 547 1490 iocum
568 1463 741 1497 movere,
773 1462 953 1489 sermone
974 1450 1030 1488 uti
1051 1449 1109 1488 vel
1130 1449 1304 1487 modesto
1325 1449 1383 1487 vel
1406 1448 1512 1487 molli

92 1506 151 1545 vel
172 1506 348 1557 procaci;
370 1519 532 1558 prorsus
553 1506 695 1545 multae
717 1507 875 1545 facetiae
895 1506 1120 1556 multusque
1143 1505 1252 1556 lepos
1274 1505 1411 1543 inerat.

206 1562 275 1601 His
305 1563 422 1602 rebus
453 1563 673 1614 conparatis
705 1561 864 1601 Catilina
887 1562 1009 1600 nihilo
1041 1562 1172 1600 minus
1203 1561 1242 1599 in
1275 1572 1512 1612 proxumum
1532 1562 1583 1599 26

92 1631 238 1658 annum
260 1619 505 1658 consulatum
527 1619 700 1670 petebat,
734 1631 917 1670 sperans,
949 1618 980 1657 si
1003 1618 1226 1668 designatus
1247 1617 1370 1664 foret,
1401 1616 1513 1656 facile

92 1687 133 1713 se
164 1688 208 1713 ex
237 1675 434 1715 voluntate
456 1675 624 1715 Antonio
656 1687 832 1714 usurum.
892 1687 1021 1725 neque
1052 1674 1198 1713 interea
1230 1673 1384 1724 quietus
1414 1678 1508 1721 erat,

91 1731 159 1770 sed
181 1731 364 1770 omnibus
390 1731 516 1770 modis
543 1731 702 1770 insidias
724 1731 882 1782 parabat
904 1730 1094 1770 Ciceroni.
1136 1742 1265 1780 neque
1296 1730 1350 1768 illi
1379 1735 1508 1769 tamen
1531 1736 1552 1768 2

92 1787 138 1826 ad
169 1788 380 1826 cavendum
411 1788 524 1826 dolus
554 1794 620 1827 aut
649 1787 810 1826 astutiae
841 1787 1012 1825 deerant.
1073 1798 1241 1836 namque
1262 1798 1280 1824 a
1313 1785 1508 1836 principio
1532 1792 1552 1823 3

93 1844 319 1883 consulatus
340 1844 401 1883 sui
421 1844 542 1883 multa
562 1843 784 1894 pollicendo
805 1855 875 1894 per
895 1842 1067 1881 Fulviam
1089 1842 1280 1890 effecerat,
1303 1847 1346 1880 ut
1367 1841 1412 1886 Q.
1432 1841 1508 1880 Cu-

89 1899 193 1945 rius,
224 1900 270 1938 de
293 1912 369 1950 quo
392 1900 506 1950 paulo
537 1905 624 1938 ante
654 1899 883 1947 memoravi,
916 1898 1076 1937 consilia
1100 1896 1283 1936 Catilinae
1313 1897 1384 1936 sibi
1416 1910 1510 1949 pro-

89 1955 211 1993 deret.
270 1955 316 1993 ad
346 1956 421 1993 hoc
451 1955 652 2006 conlegam
689 1968 801 1994 suum
833 1957 1046 1993 Antonium
1076 1954 1257 2006 pactione
1287 1954 1510 2005 provinciae
1532 1961 1553 1993 4

88 2012 327 2062 perpulerat,
350 2024 399 2050 ne
415 2016 549 2050 contra
570 2024 651 2050 rem
669 2011 860 2062 publicam
884 2011 1066 2059 sentiret3
1091 2011 1238 2050 circum
1255 2023 1296 2049 se
1316 2010 1509 2062 praesidia

90 2067 303 2106 amicorum
333 2073 448 2118 atque
470 2067 670 2106 clientium
701 2068 851 2107 occulte
880 2067 1056 2106 habebat.
1098 2074 1305 2118 postquam
1340 2067 1420 2106 dies
1442 2079 1509 2105 co-
1532 2073 1551 2104 5

89 2123 289 2162 mitiorum
310 2124 413 2162 venit
443 2128 481 2162 et
509 2124 693 2163 Catilinae
724 2137 853 2175 neque
884 2124 1016 2175 petitio
1049 2136 1177 2174 neque
1198 2123 1381 2172 insidiae,
1413 2135 1510 2174 quas

92 2179 320 2218 consulibus
341 2181 381 2219 in
404 2192 540 2231 campo
562 2180 718 2228 fecerat,
740 2193 929 2232 prospere
951 2192 1118 2227 cessere,
1142 2179 1343 2218 constituit
1364 2179 1511 2218 bellum

185 2269 222 2300 12
248 2268 312 2300 sibi
337 2278 395 2300 uer
418 2266 474 2310 ΡΗ
494 2269 534 2300 14
558 2267 629 2300 uiro
654 2267 768 2300 liberis
796 2268 837 2309 C,
861 2268 999 2300 Fronto
1026 2269 1072 2301 ad
1094 2269 1264 2301 Antonin.
1288 2267 1321 2308 2,
1346 2267 1367 2299 6
1388 2278 1421 2309 p.
1442 2265 1509 2299 110

87 2312 195 2344 Arus.
207 2323 242 2355 p.
257 2312 334 2354 230,
352 2313 423 2345 uiro
442 2316 544 2355 atque
560 2312 673 2346 liberis
691 2314 715 2354 (l
732 2314 821 2346 beris
838 2314 877 2354 P)
895 2313 958 2355 PC,
971 2314 1078 2346 Prisc.
1093 2313 1158 2346 vol.
1178 2313 1256 2355 IIp.
1270 2312 1337 2345 286
1353 2313 1364 2354 Η
1390 2316 1424 2345 15
1445 2311 1510 2344 fuit

87 2357 152 2398 PC,
164 2358 282 2398 Arus„
307 2368 372 2391 om.
389 2358 527 2391 Fronto
547 2355 558 2399 Η
575 2357 716 2399 psallere
742 2358 865 2391 saltare
891 2358 927 2399 C,
949 2358 1104 2391 Maerob.
1127 2358 1199 2391 Sat.
1219 2358 1252 2399 3,
1268 2358 1309 2390 14
1327 2358 1374 2398 (2,
1392 2356 1458 2398 10),
1475 2357 1510 2398 5,

87 2402 231 2443 psallere
255 2407 289 2435 et
313 2403 435 2436 saltare
460 2402 523 2443 (sal
548 2404 584 2433 in
606 2413 675 2436 ras.
689 2405 728 2445 p)
744 2403 808 2443 PC,
826 2403 1022 2445 Eutyol1.p.
1037 2404 1103 2436 477
1119 2402 1130 2446 Η
1151 2403 1215 2445 est]
1235 2406 1306 2436 erat
1330 2400 1511 2447 Eutychi]

91 2448 129 2478 17
156 2447 379 2480 instrumento
396 2449 426 2480 P
441 2446 452 2490 Η
473 2449 511 2480 19
529 2446 632 2479 libido
658 2449 721 2490 PC,
746 2448 885 2481 libidine
910 2448 943 2489 0,
969 2448 1107 2481 libidine
1132 2447 1274 2490 figurate
1297 2458 1320 2490 p
1339 2450 1376 2479 in
1393 2457 1508 2490 marg.

86 2489 100 2534 [Ι
116 2492 144 2524 si
169 2501 309 2525 accensa
326 2493 378 2535 ΡΗ
399 2494 439 2525 21
459 2492 671 2525 obiurauerat
686 2491 741 2537 ΡΗ
760 2494 801 2526 22
821 2507 836 2522 κε
853 2503 990 2535 praeces
1008 2495 1043 2531 P,
1070 2503 1231 2535 praeceps
1246 2504 1268 2535 p
1289 2492 1302 2536 Η
1319 2494 1360 2526 24
1381 2492 1508 2526 multus

87 2536 184 2580 lepus
201 2536 254 2580 ΡΗ
282 2539 322 2570 29
345 2537 517 2571 astitutiae
530 2538 560 2569 P
572 2535 583 2579 Η
604 2539 641 2569 31
663 2537 800 2570 cansilia
814 2539 843 2570 P
857 2537 869 2581 Η
887 2540 929 2571 36
956 2538 1152 2571 consulibus
1166 2538 1230 2577 PC,
1248 2538 1377 2570 consuli
1393 2537 1427 2578 C,
1441 2537 1508 2573 del.

86 2581 229 2614 Dietsclt
248 2581 259 2626 Η
275 2582 309 2615 in
334 2592 452 2625 campo
476 2582 539 2623 PC,
564 2592 628 2614 om.
656 2582 683 2614 C
