1709 2885
42 718 79 749 10

40 997 78 1029 15

40 1277 80 1309 20

40 1557 80 1590 25

559 104 613 137 DE
636 103 770 137 BELLO
797 102 1059 137 IUGURTHINO
1466 100 1516 139 61

106 207 189 246 loca
209 211 324 256 atque
344 213 518 258 tempora
540 213 680 246 cuncta
702 206 885 257 explorat.
928 205 1087 253 deinde,
1109 204 1175 243 ubi
1196 216 1259 244 res
1289 204 1520 255 postulabat,

106 262 264 302 insidias
286 263 419 302 tendit.
461 263 578 313 igitur
597 275 701 302 unus
722 274 768 300 ex
788 274 834 300 eo
856 273 1019 300 numero
1033 291 1043 308 ,
1066 261 1134 312 qui
1155 261 1201 299 ad
1221 261 1377 299 caedem
1397 261 1521 311 parati
1543 266 1563 298 6

107 324 229 365 erant,
251 318 366 368 paulo
388 319 649 358 inconsultius
669 318 868 357 Massivam
893 317 1132 368 aggreditur:
1163 316 1271 355 illum
1302 316 1521 365 obtruncat,

108 374 175 413 sed
206 374 289 425 ipse
318 375 604 425 deprehensus,
634 374 766 413 multis
795 373 1040 413 hortantibus
1070 379 1107 412 et
1135 373 1174 411 in
1209 373 1346 423 primis
1380 373 1520 412 Albino

108 430 290 477 consule,
322 431 509 470 indicium
538 431 754 482 profitetur.
804 431 845 469 fit
873 442 962 469 reus
985 430 1105 480 magis
1127 441 1171 467 ex
1191 442 1315 480 aequo
1338 429 1522 479 bonoque
1545 435 1562 465 ἰ·

107 498 221 538 quam
253 499 299 524 ex
327 487 411 526 iure
442 487 615 537 gentium
645 486 857 533 Bomilcar,
888 498 1017 525 comes
1046 486 1130 524 eius
1160 486 1227 536 qui
1257 485 1418 524 Romam
1448 486 1521 523 side

108 542 261 595 publica
283 549 451 582 venerat.
493 548 530 582 at
549 543 734 593 Iugurtha
753 543 996 581 manufestus
1017 542 1113 582 tanti
1133 542 1291 580 sceleris
1314 554 1393 580 non
1412 541 1522 592 prius
1544 548 1563 579 S

108 598 238 637 omisit
267 606 401 637 contra
432 611 564 638 verum
587 599 679 647 niti,
702 611 816 652 quam
837 600 1009 637 animum
1029 598 1194 636 advortit
1223 610 1342 649 supra
1362 597 1522 647 gratiam

106 661 222 705 atque
250 656 454 705 pecuniam
487 668 595 694 suam
624 654 804 694 invidiam
832 655 921 694 facti
943 667 1040 693 esse.
1081 654 1198 704 igitur
1228 666 1459 704 quamquam
1481 655 1521 692 in
1545 663 1564 692 9

108 711 238 761 priore
260 711 411 750 actione
433 725 477 750 ex
497 711 630 750 amicis
652 711 932 762 quinquaginta
954 710 1066 749 vades
1088 711 1264 757 dederat,
1289 722 1411 760 regno
1442 723 1522 749 ma-

108 767 167 817 gis
196 779 312 817 quam
342 767 498 806 vadibus
529 768 739 806 consulens
769 767 867 805 clam
887 767 927 805 in
948 767 1166 806 Numidiam
1186 766 1440 805 Bomilcarem
1465 766 1522 804 di-

106 823 234 870 mittit,
256 823 398 861 veritus
419 836 469 861 ne
490 823 661 874 reliquos
682 823 882 874 popularis
897 830 1023 861 metus
1040 823 1237 862 invaderet
1257 823 1419 873 parendi
1436 822 1521 867 sibi,

107 879 137 917 si
171 879 216 916 de
247 878 311 916 illo
343 879 578 930 supplicium
609 887 806 930 sumptum
827 879 940 917 foret.
982 880 1123 930 etipse
1143 879 1277 930 paucis
1299 879 1434 918 diebus
1456 891 1522 917 eo-

107 934 194 972 dem
223 934 420 985 profectus
449 942 532 981 est,
563 936 693 974 iussus
714 949 733 974 a
764 943 898 974 senatu
929 935 1034 974 ltalia
1065 936 1262 977 decedere.
1312 935 1379 974 sed
1415 941 1522 986 post-
1549 941 1586 972 10

107 1003 222 1040 quam
251 990 372 1029 Roma
403 1003 583 1041 egressus
605 999 682 1038 est,
705 993 828 1030 fertur
849 1004 963 1042 saepe
985 1004 1030 1030 eo
1052 992 1190 1030 tacitus
1214 992 1430 1043 respiciens
1452 1003 1524 1042 po-

105 1052 248 1085 stremo
280 1047 418 1086 dixisse
450 1048 584 1087 urbem
613 1048 786 1087 venalem
817 1055 855 1087 et
880 1054 1028 1087 mature
1050 1049 1284 1099 perituram,
1315 1048 1347 1086 si
1373 1045 1524 1099 emptb-

106 1114 187 1140 rem
208 1103 410 1141 invenerit.

218 1159 378 1198 Interim
419 1160 582 1199 Albinus
622 1166 804 1199 renovato
844 1159 946 1198 bello
988 1167 1246 1198 commeatum
1288 1160 1525 1210 stipendium
1549 1161 1599 1197 36

108 1213 278 1265 aliaque,
300 1227 398 1266 quae
419 1216 607 1255 militibus
628 1217 715 1255 usui
736 1216 887 1261 forent,
908 1223 1074 1255 maturat
1094 1216 1133 1254 in
1157 1217 1322 1255 Africam
1348 1222 1523 1266 portare:

109 1283 153 1308 ac
182 1271 308 1310 statim
338 1272 421 1323 ipse
450 1272 668 1323 profectus,
699 1273 753 1311 uti
790 1278 879 1310 ante
908 1273 1080 1319 comitia,
1112 1273 1217 1322 quod
1246 1280 1401 1323 tempus
1425 1273 1528 1311 haud

107 1326 223 1377 longe
241 1327 390 1375 aberat,
416 1328 531 1366 armis
555 1336 622 1367 aut
648 1328 842 1367 deditione
870 1335 937 1368 aut
961 1329 1095 1379 quovis
1119 1328 1234 1366 modo
1260 1329 1405 1367 bellum
1430 1342 1526 1368 eon-

107 1383 250 1421 ficeret.
301 1390 339 1422 at
371 1391 506 1423 contra
536 1385 722 1434 Iugurtha
751 1384 902 1423 trahere
933 1384 1061 1423 omnia
1094 1391 1131 1422 et
1151 1385 1243 1423 alias
1273 1385 1412 1423 deinde
1432 1385 1525 1424 alias
1549 1390 1568 1422 2

106 1451 238 1477 morae
267 1452 401 1479 causas
433 1441 581 1487 facere,
613 1441 790 1491 polliceri
821 1440 1056 1479 deditionem
1077 1453 1121 1478 ac
1143 1441 1282 1479 deinde
1306 1447 1451 1480 metum
1473 1442 1526 1480 si-

107 1495 267 1538 mulare,
290 1497 427 1535 cedere
449 1496 609 1535 instanti
631 1503 667 1535 et
688 1496 803 1548 paulo
824 1502 926 1546 post,
945 1509 994 1534 ne
1014 1497 1074 1534 sui
1099 1497 1329 1542 diffiderent,
1361 1498 1524 1536 instare:

109 1551 160 1589 ita
190 1550 279 1590 belli
309 1552 425 1590 modo
456 1553 570 1591 modo
601 1553 707 1603 pacis
737 1564 844 1590 mora
877 1552 1078 1590 consulem
1098 1552 1308 1591 ludificare.
1351 1566 1394 1591 ac
1419 1555 1528 1592 fuere
1552 1561 1570 1592 3

108 1608 174 1658 qui
196 1612 277 1646 tum
300 1608 483 1647 Albinum
503 1609 606 1647 haud
622 1608 801 1659 ignarum
819 1608 957 1647 consili
973 1608 1076 1659 regis
1095 1609 1383 1657 existumarent,
1401 1622 1528 1661 neque

109 1676 154 1702 ex
182 1669 284 1703 tanta
314 1664 562 1715 properantia
592 1671 667 1703 tam
699 1665 808 1704 facile
837 1670 1005 1703 tractum
1033 1664 1178 1703 bellum
1210 1666 1385 1704 socordia
1406 1667 1528 1716 magis

108 1732 224 1770 quam
245 1720 333 1758 dolo
355 1721 570 1760 crederent.
611 1721 678 1759 sed
700 1727 905 1772 postquam
923 1721 1070 1772 dilapso
1089 1727 1264 1772 tempore
1280 1723 1528 1761 comitiorum
1551 1731 1571 1762 4

108 1776 190 1815 dies
220 1777 468 1823 adventabat,
499 1776 663 1816 Albinus
695 1777 791 1815 Aulo
814 1777 932 1815 fratre
953 1776 993 1814 in
1016 1777 1150 1815 castris
1171 1790 1243 1828 pro
1266 1785 1445 1828 praetore
1466 1791 1528 1817 re-

108 1831 199 1871 licto
227 1832 387 1872 Romam
418 1834 596 1872 decessit.
637 1846 680 1871 ea
703 1838 931 1883 tempestate
952 1832 1097 1871 Romae
1117 1833 1374 1873 seditionibus
1404 1834 1527 1873 tribu·
1553 1838 1599 1874 37

109 1888 222 1927 niciis
242 1889 427 1927 atrociter
445 1901 508 1927 res
530 1888 685 1939 publica
705 1888 930 1938 agitabatur.
973 1888 1015 1926 P.
1038 1889 1224 1928 Lucullus
1246 1895 1282 1928 et
1298 1890 1338 1929 L.
1363 1891 1527 1938 Annius,
1552 1899 1570 1929 2

109 1944 255 1983 tribuni
277 1944 401 1995 plebis
428 1944 701 1984 resistentibus
722 1945 896 1995 conlegis
930 1945 1158 1984 continuare
1179 1946 1444 1997 magistratum
1467 1947 1528 1986 ni-

108 1999 311 2048 tebantur,
348 2012 446 2050 quae
487 2000 677 2040 dissensio
716 2001 834 2040 totius
869 2001 962 2040 anni
1004 2002 1156 2041 comitia
1196 2002 1442 2053 impediebat.
1485 2015 1529 2042 ea
1552 2012 1570 2043 3

110 2067 219 2095 mora
238 2056 278 2094 in
301 2069 410 2107 spem
430 2057 618 2095 adductus
639 2058 782 2103 Aulus,
804 2070 920 2108 quem
942 2070 1012 2108 pro
1034 2065 1212 2108 praetore
1234 2059 1272 2097 in
1304 2061 1439 2099 castris
1469 2071 1528 2098 re-

110 2112 245 2151 lictum
265 2125 382 2163 supra
404 2112 591 2159 diximus,
617 2119 683 2152 aut
704 2114 937 2153 conficiundi
960 2114 1050 2152 belli
1071 2121 1136 2153 aut
1154 2121 1304 2154 terrore
1336 2116 1528 2155 exercitus

203 2257 223 2287 4
248 2255 506 2288 horntantibus
529 2255 616 2296 (fuit
629 2256 720 2289 homi
738 2257 886 2290 tantibus
895 2259 924 2298 ’2)
949 2259 979 2290 Ρ
993 2257 1004 2300 Η
1022 2259 1040 2290 8
1066 2257 1204 2299 obmisit
1220 2257 1274 2302 Pu
1294 2259 1529 2292 animaduertit

112 2299 147 2341 (d
172 2311 236 2332 as.
250 2302 289 2341 P)
307 2301 371 2342 PC,
397 2300 676 2334 animaduerterat
700 2302 755 2333 vel
769 2302 917 2336 animum
933 2303 1078 2336 aduertit
1098 2303 1150 2346 Cli
1171 2305 1208 2336 12
1234 2304 1361 2337 ueritus
1380 2315 1418 2347 p,
1442 2306 1529 2337 ueri-

112 2348 165 2377 tas
182 2344 235 2389 ΡΙΙ
260 2348 296 2378 16
314 2345 429 2378 urbem
448 2346 511 2383 PC,
536 2356 556 2378 ο
581 2346 695 2379 urbem
716 2346 750 2388 C,
774 2347 850 2380 Lz'v.
866 2347 1045 2390 Ep1·t.6411
1065 2348 1093 2380 si
1118 2353 1302 2392 emptorem
1317 2360 1352 2392 p,
1378 2354 1530 2393 sumptu-

112 2391 222 2422 ramP
236 2389 248 2433 ss
265 2392 303 2423 21
319 2391 493 2434 quouis—
505 2392 546 2424 23
563 2390 767 2424 deditionem
785 2403 850 2425 om.
862 2394 896 2432 P.
911 2396 948 2424 in
965 2403 1079 2434 marg.
1090 2404 1166 2436 sup.
1181 2394 1283 2426 addit
1296 2405 1319 2436 p
1338 2393 1350 2437 Η
1368 2396 1408 2427 25
1426 2395 1527 2428 modo

113 2434 262 2467 alterum
283 2446 310 2467 s.
331 2446 357 2468 s.
379 2436 432 2477 Pu
452 2435 625 2468 consulem
648 2435 821 2470 ludificare
843 2437 901 2470 PC
922 2436 983 2477 (cf.
1005 2437 1060 2479 50,
1081 2439 1131 2479 4),
1156 2439 1340 2482 principem
1364 2439 1529 2473 ludificari

112 2479 216 2512 Aras.
240 2491 274 2522 p.
296 2479 362 2513 245
381 2479 394 2523 ΙΙ
411 2482 452 2514 26
477 2480 797 2514 albinum-consilii
819 2493 855 2525 p.
881 2482 1027 2514 albinis-
1041 2483 1160 2516 consili
1176 2497 1192 2512 ε
1210 2498 1226 2513 ae
1245 2483 1298 2527 ΡΙΙ
1318 2486 1360 2516 34
1385 2484 1482 2518 aulus
1503 2496 1526 2527 p

115 2526 170 2563 (in
192 2528 279 2565 ras.)
307 2525 499 2566 C‚‘albinus
516 2526 546 2557 P
567 2536 644 2557 cum
668 2526 803 2559 duobus
829 2527 873 2560 C:
898 2527 1017 2559 eodem
1039 2528 1143 2561 modo
1168 2529 1278 2561 eidem
1301 2527 1402 2567 infra
1423 2540 1458 2572 p.
1472 2530 1528 2572 62,

114 2568 167 2602 13.
181 2570 234 2603 19.
247 2570 290 2603 31
305 2581 339 2612 p.
356 2570 412 2611 63,
426 2572 446 2603 5
462 2581 496 2612 p.
512 2570 568 2610 65,
590 2570 630 2603 12
653 2570 801 2605 albinum
821 2583 889 2614 pro
914 2572 991 2605 aulo
1014 2574 1240 2615 substituunt,
1264 2577 1302 2605 at
1324 2577 1485 2607 cor-remit
1503 2586 1526 2617 p
