1709 2885
150 80 202 120 12
650 83 683 117 C.
710 82 916 117 SALLUSTt
941 82 1076 117 cmspt

149 187 261 226 soret.
303 186 393 238 quia
412 186 586 225 nondum
617 187 843 238 frequentes
863 186 996 226 armati
1026 194 1307 235 convenerant,
1329 200 1371 228 ea
1392 201 1456 228 res
1476 201 1572 229 con·

77 246 126 282 19
150 243 282 282 silium
311 242 476 281 diremit.
519 249 652 294 postea
690 243 779 282 Piso
809 243 848 282 in
881 243 1100 284 citeriorem
1137 243 1360 295 Hispaniam
1390 251 1574 296 quaestor

150 311 222 351 pro
253 304 433 350 praetore
448 295 604 338 ‘missus
634 305 692 338 est
719 299 916 338 adnitente
946 297 1104 346 Crasso,
1135 301 1238 351 quod
1268 312 1356 339 eum
1387 301 1572 342 infestum

108 362 127 393 2
151 355 354 394 inimicum
385 354 454 395 Cn.
485 355 670 407 Pompeio
701 362 946 405 cognoverat.
988 369 1115 408 neque
1145 363 1272 395 tamen
1303 364 1460 396 senatus
1480 369 1573 409 pro-

150 411 315 451 vinciam
346 411 490 450 invitus
520 412 697 458 dederat,
730 412 877 463 quippe
906 413 1062 452 foedum
1091 413 1286 451 hominem
1316 425 1336 452 a
1357 425 1399 452 re
1419 414 1575 464 publica

151 468 290 520 procul
311 480 397 507 esse
417 467 586 515 volebam
607 468 722 507 simul
744 469 834 520 quia
862 469 953 508 boni
976 469 1187 520 conplures
1209 469 1443 520 praesidium
1465 470 1505 509 in
1527 482 1573 509 eo

107 530 128 562 3
150 525 340 576 putabant
368 530 405 563 et
425 524 498 562 iam
531 530 611 563 tum
641 524 814 575 potentia
835 524 995 576 Pompei
1024 526 1275 564 formidulosa
1305 531 1398 565 erat.
1452 527 1521 565 sed
1542 526 1575 565 is

151 580 243 619 Piso
264 581 303 619 in
326 580 522 631 provincia
545 581 591 619 ab
614 580 810 632 equitibus
831 581 1036 633 Hispanis,
1058 594 1156 633 quos
1187 582 1226 620 in
1249 582 1418 621 exercitu
1440 582 1574 622 ducta-

107 644 128 675 4
152 636 235 684 bat,
267 637 340 675 iter
374 637 526 676 faciens
553 637 707 675 occisus
729 643 799 676 est.
848 645 940 678 sunt
961 638 1027 689 qui
1049 639 1097 677 ita
1120 639 1268 685 dicant,
1301 638 1461 690 imperia
1490 639 1574 678 eius

108 701 127 731 5
151 693 294 732 iniusta
329 693 497 744 superba
537 693 708 732 crudelia
735 693 920 733 barbaros
956 695 1176 745 nequivisse
1216 695 1314 746 pati3
1354 693 1417 733 alii
1445 702 1575 734 autem

152 750 304 801 equites
323 749 411 788 illos
441 749 508 788 Cn.
532 749 692 800 Pompei
722 755 870 789 veteres
899 750 1074 802 fidosque
1103 751 1255 789 clientis
1276 751 1471 790 voluntate
1492 751 1576 790 eius

150 805 333 845 Pisonem
371 806 596 856 adgressos;
629 818 840 858 numquam
878 807 1073 858 Hispanos
1101 813 1299 858 praeterea
1329 807 1402 846 tale
1423 807 1576 846 facinus

150 862 311 905 fecisse,
342 862 409 901 sed
440 862 602 913 imperia
631 874 741 901 saeva
770 864 889 902 multa
912 870 1000 902 ante
1031 875 1253 915 perpessos.
1294 876 1366 902 nos
1389 876 1471 903 eam
1493 875 1574 902 rem

106 925 127 957 6
149 919 189 958 in
212 918 339 957 medio
361 918 642 969 relinquemus.
684 919 732 958 de
751 919 954 971 superiore
975 920 1246 959 coniuratione
1267 920 1358 959 satis
1379 919 1536 958 dictum.

75 977 128 1015 20
263 974 424 1014 Catilina
453 975 520 1014 ubi
550 987 640 1021 eos,
678 987 777 1026 quos
814 976 930 1027 paulo
967 983 1056 1016 ante
1085 977 1314 1023 memoravi,
1345 976 1575 1015 convenisse

148 1031 271 1076 videt,
302 1032 453 1071 tametsi
483 1043 572 1070 cum
601 1031 768 1082 singulis
798 1033 917 1072 multa
947 1045 1062 1084 saepe
1092 1039 1242 1084 egerat,
1272 1040 1401 1072 tamen
1431 1033 1472 1071 in
1492 1045 1576 1072 rem

148 1088 234 1126 sore
255 1088 420 1127 credens
440 1088 647 1127 univorsos
662 1088 859 1140 appellare
884 1095 921 1128 et
941 1089 1155 1135 cohortari,
1178 1090 1217 1128 in
1239 1088 1405 1128 abditam
1427 1093 1575 1139 partem

148 1143 303 1183 aedium
332 1144 495 1183 secessit
522 1150 638 1195 atque
669 1145 719 1183 ibi
751 1145 933 1184 omnibus
971 1145 1126 1185 arbitris
1155 1146 1295 1197 procul
1323 1146 1460 1184 amotis
1490 1157 1577 1184 ora-

148 1201 297 1240 tionem
317 1200 588 1239 huiuscemodi
609 1201 757 1240 habuit.

105 1264 128 1297 2
258 1253 331 1295 ‘Ni
360 1257 481 1296 virtus
509 1257 683 1307 fidesque
710 1262 837 1295 vostra
858 1259 1029 1308 spectata
1051 1257 1143 1295 mihi
1165 1257 1316 1303 forent,
1339 1256 1577 1308 nequiquam

151 1320 374 1364 opportuna
391 1325 454 1351 res
471 1313 693 1360 cecidisset3
720 1325 810 1363 spes
831 1324 968 1363 magna
981 1344 990 1359 ,
1008 1313 1221 1353 dominatio
1238 1313 1276 1352 iu
1294 1312 1474 1352 manibus
1494 1313 1577 1352 sru-

105 1376 126 1408 3
149 1375 228 1408 stra
258 1369 444 1416 fuissent,
474 1382 602 1420 neque
633 1381 704 1420 ego
725 1381 798 1420 per
819 1370 1006 1420 ignaviam
1035 1376 1103 1409 aut
1129 1382 1225 1409 vana
1255 1369 1410 1420 ingenia
1431 1368 1578 1409 incerta

151 1437 223 1477 pro
263 1426 379 1464 certis
419 1431 624 1476 captarem.
666 1426 732 1465 sed
772 1426 861 1477 quia
900 1426 1033 1464 multis
1073 1431 1111 1465 et
1149 1425 1300 1476 magnis
1340 1425 1579 1477 tempestati-

151 1481 227 1521 bus
262 1494 330 1520 vos
373 1482 536 1531 cognovi
574 1482 686 1521 fortis
725 1482 900 1532 fidosque
936 1482 1057 1527 mihi,
1098 1494 1144 1521 oo
1180 1482 1334 1521 animus
1371 1494 1490 1521 ausus
1521 1488 1578 1521 est

150 1550 377 1577 maxumum
398 1544 513 1589 atque
535 1539 856 1589 pulcherrumum
879 1539 1030 1577 facinus
1053 1538 1241 1590 incipere,
1265 1538 1381 1576 simul
1402 1538 1492 1589 quia
1512 1549 1579 1577 vo-

106 1602 128 1634 4
150 1594 212 1633 bis
233 1594 364 1633 eadem
388 1606 486 1645 quae
508 1594 600 1633 mihi
623 1594 725 1633 bona
741 1594 918 1645 malaque
940 1607 1024 1633 esse
1044 1595 1228 1634 intellexi:
1252 1607 1338 1633 nam
1361 1595 1461 1633 idem
1482 1594 1578 1634 velle

108 1658 129 1690 5
152 1656 269 1701 atque
297 1650 400 1689 idem
429 1650 554 1698 nolle,
590 1663 632 1689 ea
663 1651 819 1689 demum
848 1652 957 1690 firma
984 1651 1148 1690 amicitia
1180 1656 1248 1690 est.
1290 1651 1356 1690 sed
1386 1663 1457 1702 ego
1480 1663 1579 1702 quae

107 1713 128 1746 6
151 1713 284 1746 mente
314 1707 451 1756 agitavi
481 1719 617 1746 omnes
646 1707 720 1746 iam
758 1712 870 1746 antea
897 1707 1039 1746 divorsi
1068 1707 1241 1746 audistis.
1281 1715 1454 1746 ceterum
1484 1707 1579 1746 mihi

152 1763 192 1802 in
216 1763 298 1802 dies
326 1763 448 1813 magis
469 1764 622 1802 animus
643 1763 889 1810 accenditur,
911 1776 1001 1802 cum
1030 1764 1234 1802 considero
1248 1795 1257 1809 ,
1279 1776 1378 1815 quae
1399 1763 1578 1803 condicio

107 1827 127 1858 7
151 1819 250 1858 vitae
268 1819 399 1858 futura
421 1819 491 1867 sit,
515 1820 589 1858 nisi
611 1825 765 1858 nosmet
795 1819 869 1870 ipsi
890 1819 1128 1859 vindicamus
1149 1821 1188 1858 in
1219 1820 1448 1859 libertatem.
1490 1832 1577 1858 nam

150 1882 358 1929 postquam
373 1888 436 1915 res
456 1875 612 1927 publica
633 1876 672 1914 in
695 1887 909 1927 paucorum
927 1876 1145 1927 potentium
1166 1877 1227 1915 ius
1247 1881 1363 1927 atque
1384 1876 1576 1916 dicionem

151 1932 369 1975 concessit,
401 1944 557 1983 semper
587 1932 662 1971 illis
691 1945 803 1983 reges
831 1933 1046 1972 tetrarchae
1075 1932 1280 1983 vectigales
1308 1944 1415 1980 esse,
1443 1932 1578 1984 populi

152 1989 332 2028 nationes
354 1988 547 2040 stipendia
568 1988 763 2039 pendere;
796 1989 914 2028 ceteri
940 2002 1098 2037 omnes,
1127 1988 1277 2028 strenui
1306 1988 1399 2028 boni
1428 1987 1580 2028 nobiles

244 2091 264 2121 5
289 2097 308 2121 a
331 2088 444 2121 remu!
470 2090 504 2130 (p
530 2088 632 2127 eras.)
649 2089 686 2129 P,
710 2098 769 2131 pro
793 2100 818 2121 s.
835 2099 861 2121 s.
875 2099 899 2131 ρ
917 2087 928 2131 Η
948 2090 967 2121 6
993 2089 1025 2121 in
1051 2098 1092 2121 eo
1118 2088 1282 2130 putabant
1299 2098 1364 2120 om.
1382 2088 1419 2129 Ρ,
1441 2098 1466 2120 ³.
1483 2098 1509 2121 s.
1525 2098 1548 2130 p
1563 2086 1576 2131 ss

152 2135 171 2166 7
199 2132 258 2167 scd
271 2146 332 2162 ευ
345 2134 419 2177 piso
444 2133 509 2173 (liis
535 2135 636 2173 eras.)
661 2133 718 2176 ΡΙΙ
735 2135 753 2166 S
779 2133 951 2176 prouincia
978 2134 1013 2175 C,
1037 2133 1245 2176 prouinciam
1263 2133 1343 2176 1²01}
1361 2133 1580 2175 equintibus

153 2180 201 2219 (ta
233 2181 336 2217 eras.)
365 2180 395 2211 P
416 2177 531 2226 [lquos
564 2178 598 2210 in
623 2178 694 2216 PC,
727 2189 814 2221 quos
843 2179 915 2211 sinc
947 2190 966 2210 z
986 2178 998 2219 ΙΙ
1023 2180 1042 2211 9
1076 2179 1161 2212 iuer
1191 2180 1225 2218 (n
1260 2178 1361 2218 era-⁹.)
1386 2178 1416 2210 P
1437 2177 1449 2220 ΙΙ
1466 2177 1579 2211 dicant

155 2223 218 2266 PC,
242 2223 359 2257 dicunt
378 2223 405 2257 C
427 2223 440 2266 ΙΙ
460 2224 498 2256 18
525 2223 667 2256 secessit
686 2223 720 2264 C,
745 2223 873 2256 secedit
890 2224 945 2256 PC
969 2223 1040 2265 1120
1065 2228 1217 2266 spectata
1235 2223 1315 2255 mihi
1334 2222 1443 2255 forent
1463 2223 1498 2264 C,
1523 2233 1580 2256 ex-

154 2271 289 2312 pectata
313 2268 394 2301 mihi
419 2268 529 2301 forent
558 2268 650 2307 (mihi
677 2270 828 2301 inseruit
849 2279 974 2300 manus
997 2270 1128 2310 prima)
1157 2269 1192 2309 P,
1222 2268 1412 2311 probata-t
1441 2267 1528 2301 soret
1551 2281 1577 2301 s.

153 2325 178 2348 s.
200 2325 248 2357 p,·
271 2316 424 2357 spectata
441 2313 522 2346 mihi
541 2313 679 2346 foretV
699 2312 711 2356 ΙΙ
728 2315 767 2347 27
795 2324 835 2347 ea
859 2313 934 2347 dem
960 2314 1088 2347 infirma
1112 2315 1149 2355 P,
1174 2323 1264 2345 corr.
1280 2323 1306 2355 p
1325 2311 1338 2356 ΙΙ
1355 2322 1441 2355 quae
1466 2319 1579 2348 mente

155 2361 649 2415 memte-ww*
657 2370 753 2409 (haec
763 2370 858 2413 glosa
869 2374 956 2403 ests.
965 2382 990 2403 s.
1000 2371 1036 2412 p)
1045 2368 1226 2416 agitauiPfl
1235 2370 1276 2402 29
1286 2369 1394 2411 magis
1403 2369 1579 2412 magisque

156 2428 208 2461 Vz
219 2428 282 2471 [130
294 2428 358 2472 ipsi
374 2427 415 2469 V,
426 2438 450 2470 p
464 2430 501 2459 in
515 2438 639 2469 marg..
653 2427 746 2470 ipsos
756 2426 811 2459 PC
824 2425 838 2470 ΙΙ
856 2428 897 2459 33
913 2426 1037 2459 strenui
1054 2426 1132 2458 boni
1148 2424 1278 2459 nobiles
1292 2427 1393 2467 atque
1405 2427 1452 2466 (et
1463 2428 1495 2458 Δ
1506 2436 1530 2468 p
1540 2427 1578 2458 in

156 2475 284 2515 marg.)
301 2473 469 2516 ignobiles
485 2473 548 2513 PC,
566 2472 693 2505 strenui
711 2471 843 2504 nobiles
859 2474 962 2514 atque
980 2471 1148 2514 ignobiles
1161 2470 1215 2503 vel
1228 2469 1307 2502 boni
1326 2474 1428 2512 atque
1445 2469 1578 2504 nobiles

156 2519 325 2561 ignobiles
340 2517 374 2559 C,
394 2517 472 2551 boni
492 2521 592 2560 atquc
611 2517 737 2550 strenui
753 2516 882 2549 nobiles
901 2520 933 2548 et
952 2515 1170 2558 ignobilesV,
1185 2515 1264 2548 boni
1282 2515 1429 2558 malique
1447 2515 1579 2549 nobiles

155 2567 259 2607 atque
274 2563 441 2607 ignobiles
454 2565 654 2606 scripserim
668 2574 713 2595 ea:
728 2564 904 2594 imitatore
915 2561 1057 2594 Victore
1073 2561 1164 2595 Caes.
1178 2560 1234 2603 24,
1245 2560 1285 2591 9.·
1304 2571 1332 2593 υ.
1344 2560 1459 2594 Herm.
1472 2561 1502 2603 1,
1510 2560 1578 2595 234

1605 1263 1709 1303 20}
