1709 2885
17 721 57 753 to

18 1000 54 1032 15

15 1280 58 1312 20

19 1840 60 1873 30

537 107 591 140 DE
615 107 748 140 BELLO
773 106 1035 140 [UGURTfflNO
1442 104 1494 142 77

86 211 180 261 quin
202 210 234 248 is
255 209 439 260 indignus
472 209 537 248 illo
558 209 708 248 honore
736 216 773 248 et
793 209 901 260 quasi
923 209 1094 259 pollutus
1115 208 1334 247 haberetur.
1376 209 1494 259 igitur
1518 212 1568 247 64

84 266 150 304 ubi
177 265 321 304 Marius
349 265 567 317 haruspicis
588 265 685 304 dicta
715 266 850 305 eodem
880 265 1082 304 intendere
1109 265 1230 309 videt,
1253 277 1329 316 quo
1352 265 1493 315 cupido

83 321 200 361 animi
235 321 480 370 hortabatur,
507 322 554 360 ab
587 321 740 360 Metello
776 322 937 373 petundi
967 320 1087 371 gratia
1120 321 1345 359 missionem
1371 328 1492 371 rogat.

84 378 146 417 cui
167 390 399 428 quamquam
416 378 536 417 virtus
551 377 672 428 gloria
694 385 809 429 atque
829 378 901 417 alia
922 377 1087 428 optanda
1106 377 1220 415 bonis
1247 377 1494 427 superabant,

83 440 208 473 tamen
240 434 364 473 inerat
393 440 635 485 contemptor
663 434 816 472 animus
846 440 883 472 et
912 433 1114 484 superbia,
1148 445 1352 472 commune
1382 432 1494 471 nobi-

84 490 199 529 litatis
227 490 384 528 malum.
433 490 562 541 itaque
591 489 759 540 primum
785 497 988 529 conmotus
1009 489 1164 528 insolita
1192 501 1235 528 re
1258 488 1389 527 mirari
1412 489 1495 527 eius
1517 496 1535 528 2

86 545 289 585 consilium
312 552 349 584 et
370 547 477 596 quasi
498 558 569 597 per
596 546 800 584 amicitiam
830 558 988 585 monere
1018 558 1067 584 ne
1096 551 1172 583 tam
1202 557 1317 595 prava
1344 544 1493 595 incipe-

84 607 142 640 ret
171 614 247 640 neu
278 614 396 653 super
424 603 620 641 fortunam
649 601 818 640 animum
850 608 1020 652 gereret:
1050 614 1129 640 non
1163 601 1289 639 omnia
1312 600 1494 639 omnibus

84 658 283 708 cupiunda
305 670 409 706 esse,
432 658 572 697 debere
592 657 646 696 illi
669 670 730 696 res
751 670 838 696 suas
860 658 951 697 satis
971 658 1144 708 placere3
1167 663 1363 708 postremo
1388 669 1496 696 cave-

84 719 141 752 ret
163 713 200 752 id
221 720 354 765 petere
374 727 393 753 a
415 715 560 765 populo
582 714 777 761 Romano,
801 715 904 764 quod
933 714 986 753 illi
1015 714 1099 753 iure
1128 721 1347 763 negaretur.
1388 719 1496 764 post·
1519 721 1538 752 3

84 782 198 822 quam
233 770 327 809 haec
361 777 475 820 atque
510 769 580 809 alia
609 770 695 808 talia
727 770 820 808 dixit
850 783 979 820 neque
1010 770 1161 809 animus
1190 769 1286 808 Mari
1314 769 1494 815 flectitur,

84 826 304 877 respondit,
336 826 402 864 ubi
432 826 601 877 primum
622 826 813 877 potuisset
835 839 904 876 per
926 826 1078 877 negotia
1106 825 1282 877 publica,
1303 826 1497 864 facturum

82 893 165 920 sese
193 895 290 933 quae
311 888 472 933 peteret.
514 894 557 921 ac
576 890 710 933 postea
732 883 884 933 saepius
907 883 1036 921 eadem
1057 882 1269 934 postulanti
1289 882 1414 920 fertur
1438 882 1495 920 di·
1518 890 1538 921 4

83 937 184 976 xisse
206 951 254 976 ne
275 938 473 977 festinaret
493 938 619 985 abire,
642 938 732 977 satis
753 945 901 977 mature
932 939 1038 977 illum
1073 951 1162 977 cum
1189 938 1268 976 filio
1299 950 1370 976 suo
1402 950 1495 976 con-

85 993 251 1032 sulatum
286 994 510 1046 petiturum.
553 995 585 1033 is
619 1008 662 1033 eo
699 1001 872 1046 tempore
909 995 1164 1034 contubernio
1201 994 1321 1045 patris
1355 993 1497 1033 ibidem

84 1050 288 1096 militabat,
319 1063 444 1090 annos
475 1056 588 1090 natus
617 1051 770 1089 circiter
799 1051 945 1101 viginti.
991 1064 1087 1102 quae
1118 1063 1180 1089 res
1210 1051 1373 1089 Marium
1409 1062 1498 1089 cum

85 1118 156 1157 pro
185 1106 333 1145 honore
363 1119 479 1157 quem
508 1106 720 1145 adfectabat
747 1114 828 1146 tum
860 1113 995 1146 contra
1023 1106 1220 1159 Metellum
1249 1107 1498 1145 vehementer

85 1162 322 1201 accenderat.
363 1163 413 1202 ita
435 1163 617 1214 cupidine
639 1169 753 1214 atque
774 1164 830 1202 ira
855 1163 1048 1214 pessumis
1073 1162 1363 1202 consultoribus
1391 1175 1496 1213 gras·
1521 1172 1539 1202 5

86 1218 182 1266 sari,
219 1231 346 1268 neque
375 1220 475 1258 facto
504 1218 582 1257 ullo
612 1231 742 1270 neque
771 1220 870 1258 dicto
901 1220 1116 1269 abstinere,
1148 1219 1252 1270 quod
1281 1219 1395 1257 modo
1418 1231 1497 1257 am-

86 1273 269 1312 bitiosum
299 1275 418 1321 soret,
450 1275 589 1313 milites
620 1275 760 1326 quibus
790 1276 830 1313 in
861 1275 1035 1315 hibernis
1062 1281 1240 1326 praeerat
1262 1275 1404 1313 laxiore
1426 1276 1498 1314 im-

87 1330 194 1381 perio
228 1343 341 1381 quam
371 1338 482 1370 antea
513 1331 675 1379 habere,
705 1331 807 1383 apud
842 1332 1122 1382 negotiatores,
1159 1343 1326 1382 quorum
1361 1343 1499 1381 magna

88 1385 294 1425 multitudo
316 1386 449 1426 Uticae
470 1393 570 1435 erat,
603 1387 809 1426 criminose
830 1388 944 1426 simul
967 1394 1003 1426 et
1022 1387 1225 1438 magnifice
1247 1388 1291 1425 de
1311 1387 1412 1425 bello
1442 1388 1500 1425 lo-

87 1441 176 1492 qui:
207 1442 363 1481 dimidia
386 1455 475 1493 pars
507 1444 698 1482 exercitus
723 1444 754 1482 si
776 1444 848 1482 sibi
870 1445 1178 1495 permitteretur,
1209 1443 1343 1494 paucis
1365 1443 1501 1481 diebus

87 1497 312 1548 Iugurtham
334 1499 373 1537 in
397 1500 542 1537 catenis
572 1499 813 1547 habiturum;
840 1500 886 1538 ab
914 1500 1148 1550 imperatore
1177 1499 1356 1537 consulto
1385 1500 1499 1545 trahi,

87 1554 189 1604 quod
218 1554 334 1592 homo
365 1555 490 1593 inanis
520 1563 556 1593 et
585 1555 713 1604 regiae
745 1555 949 1606 superbiae
978 1555 1142 1606 imperio
1165 1555 1278 1593 nimis
1304 1556 1500 1605 gauderet.

85 1621 182 1660 quae
210 1611 338 1649 omnia
367 1610 443 1649 illis
473 1624 518 1649 eo
550 1611 719 1649 firmiora
748 1611 994 1659 videbantur,
1029 1611 1117 1662 quia
1139 1611 1391 1650 diuturnitate
1410 1611 1502 1649 belli
1525 1619 1544 1650 6

87 1678 148 1704 res
168 1666 365 1705 familiaris
381 1674 647 1718 conruperant
663 1674 700 1705 et
715 1668 843 1706 animo
862 1668 1036 1718 cupienti
1059 1667 1154 1706 nihil
1176 1667 1266 1705 satis
1282 1667 1501 1706 festinatur.

86 1728 166 1760 erat
191 1731 388 1773 praeterea
410 1723 449 1761 in
472 1724 642 1762 exercitu
665 1729 797 1762 nostro
818 1723 983 1762 Numida
1008 1724 1161 1774 quidam
1191 1724 1349 1762 nomine
1372 1723 1504 1762 Gauda
1526 1728 1575 1763 65

87 1777 351 1817 Mastanabalis
380 1779 482 1818 filius
510 1779 734 1819 Masinissae
764 1791 908 1830 nepos,
940 1791 1054 1829 quem
1084 1779 1243 1830 Micipsa
1273 1785 1502 1818 testamento

89 1835 305 1873 secundum
325 1835 507 1874 heredem
529 1835 748 1885 scripserat,
770 1835 916 1873 morbis
938 1836 1139 1874 confectus
1161 1842 1199 1873 et
1220 1835 1268 1873 ob
1299 1848 1381 1873 eam
1411 1848 1502 1874 cau-

87 1902 168 1928 sam
188 1896 317 1929 mente
338 1890 497 1940 paulum
518 1890 721 1929 inminuta.
763 1892 825 1929 cui
846 1891 1023 1930 Metellus
1052 1892 1199 1942 petenti
1229 1903 1336 1930 more
1366 1903 1502 1941 regum
1526 1899 1544 1930 2

88 1952 131 1984 ut
165 1946 297 1985 sellam
333 1946 437 1984 iuxta
465 1953 650 1997 poneret,
681 1948 771 1986 item
801 1954 933 1998 postea
965 1947 1160 1986 custodiae
1194 1959 1307 1986 causa
1336 1954 1503 1986 turmam

89 2001 263 2052 equiturn
284 2001 561 2050 Romanorum,
583 2009 793 2054 utrumque
818 2010 1042 2054 negaverat:
1067 2004 1271 2051 honorem,
1303 2004 1406 2054 quod
1438 2016 1504 2042 eo-

89 2069 176 2096 rum
210 2069 319 2096 more
355 2059 472 2106 foret,
509 2070 606 2109 quos
640 2060 812 2110 populus
845 2060 1044 2099 Romanus
1078 2072 1190 2110 reges
1222 2060 1502 2111 appellavisset,

91 2113 339 2165 praesidium,
362 2114 465 2165 quod
487 2115 808 2154 contumeliosum
832 2117 872 2155 in
895 2129 960 2155 eos
981 2117 1094 2164 soret,
1117 2117 1147 2155 si
1171 2116 1320 2167 equites
1339 2116 1503 2155 Romani

91 2170 271 2209 satellites
291 2169 477 2209 Numidae
505 2171 761 2210 traderentur.
810 2172 917 2211 hunc
937 2172 1079 2211 Marius
1100 2174 1255 2211 anxium
1281 2173 1504 2223 aggreditur
1526 2179 1545 2211 3

90 2232 205 2277 atque
234 2226 410 2264 hortatur
440 2233 481 2264 ut
509 2228 830 2268 contumeliarum
860 2230 900 2268 in
930 2229 1202 2280 imperatorem
1224 2241 1311 2267 cum
1341 2241 1411 2268 suo
1433 2241 1503 2267 au-

183 2349 198 2380 1
216 2347 245 2380 is
262 2357 327 2379 om.
341 2348 377 2388 P,
394 2349 545 2379 inseruit
557 2358 580 2390 p
599 2347 611 2392 fi
628 2350 646 2381 2
666 2359 741 2381 cum
758 2352 840 2382 ante
856 2349 1040 2391 haruspicis
1057 2350 1291 2391 inseruntPC,
1314 2360 1378 2382 om.
1395 2349 1417 2382 ί
1430 2349 1442 2393 ss
1457 2350 1506 2382 in·

92 2391 227 2425 tendere
244 2391 335 2425 uidet
353 2403 417 2424 om.
439 2393 474 2432 P,
491 2405 516 2424 s.
535 2403 560 2424 s.
575 2404 598 2436 p
615 2392 627 2436 ΙΙ
647 2395 665 2425 6
682 2394 825 2436 primum
837 2398 918 2436 post
933 2394 1045 2427 mirari
1061 2397 1192 2427 iterant
1206 2395 1269 2436 PC,
1294 2406 1358 2427 om.
1378 2395 1505 2427 ibidem

93 2437 120 2470 C
131 2435 144 2479 ll
167 2439 204 2470 15
221 2437 255 2469 in
273 2437 492 2470 contubernio
505 2447 529 2478 p
550 2436 561 2480 Η
578 2439 619 2470 20
636 2439 856 2471 ambitionum
873 2441 902 2472 P
917 2438 928 2481 Η
946 2441 986 2472 23
1005 2439 1226 2473 dimitteretur
1247 2443 1273 2480 (t
1291 2440 1402 2471 alter-a
1420 2451 1446 2472 s.
1464 2442 1504 2481 s.)

91 2481 145 2525 Pl!
165 2483 206 2514 26
224 2482 302 2524 quia
318 2481 381 2522 PC,
400 2481 490 2524 quod
505 2481 548 2514 C:
566 2482 609 2520 οΙῖ
626 2483 658 2515 C.
672 2483 727 2524 20,
739 2483 762 2516 3
780 2482 792 2526 Η
809 2485 847 2516 31
868 2484 1004 2526 paulum
1017 2485 1080 2526 PC,
1097 2484 1270 2527 paululum
1286 2485 1312 2517 C
1327 2484 1339 2528 Η
1357 2486 1398 2518 34
1411 2494 1504 2518 more

92 2526 156 2563 PC.
180 2526 278 2559 modo
305 2525 417 2569 01136
443 2526 606 2559 satellites
630 2528 700 2569 PC,
726 2528 863 2561 satelliti
891 2529 1000 2570 C1137
1028 2529 1263 2572 imperatorem
1287 2530 1330 2570 P,
1355 2533 1388 2561 el
1410 2540 1455 2562 ετ
1481 2530 1508 2563 C

92 2581 201 2605 nnus,
229 2571 262 2603 in
287 2571 520 2614 imperatorem
546 2572 600 2603 vel
621 2572 811 2615 imperatori
838 2573 888 2617 CH
908 2584 968 2606 suo
995 2574 1142 2608 exercitu
1167 2582 1205 2615 (s.
1222 2586 1246 2607 s.
1273 2574 1409 2615 auxilio)
1434 2575 1465 2607 P
