1709 2885
169 82 220 124 86
674 87 708 120 C.
727 86 931 120 SALLUSTl
956 86 1092 120 CRISPI

170 200 261 227 nere
283 200 409 239 neque
431 189 621 228 moderari
642 189 828 240 linguam,
858 189 915 227 vir
936 190 1116 241 egregius
1136 190 1175 229 in
1197 189 1281 230 aliis
1301 189 1448 230 artibus
1469 189 1585 230 nimis

125 250 144 282 3
170 244 336 283 molliter
359 245 640 296 aegritudinem
672 246 763 297 pati.
813 257 926 296 quam
949 257 1029 285 rem
1051 246 1113 285 alii
1136 247 1175 286 in
1206 246 1429 299 superbiam
1457 251 1583 285 vorte-

169 300 272 346 bant,
304 300 366 340 alii
398 301 543 340 bonum
575 301 774 352 ingenium
806 302 1040 342 contumelia
1078 315 1284 342 accensum
1315 314 1421 350 esse,
1459 302 1584 347 multi,

166 357 271 407 quod
292 357 365 396 iam
386 364 493 409 parta
514 358 671 397 victoria
693 371 737 397 ex
758 358 938 398 manibus
975 359 1204 411 eriperetur.
1255 359 1368 399 uobis
1397 358 1488 398 satis
1517 369 1582 397 co-

168 412 318 463 gnitum
340 420 398 453 est
419 414 526 452 illum
550 415 671 466 magis
692 415 842 453 honore
863 414 957 454 Mari
987 428 1101 467 quam
1125 415 1265 455 iniuria
1287 428 1355 455 sua
1387 415 1583 454 excrucia-

167 475 248 508 tum
270 482 398 521 neque
428 478 502 509 tam
525 472 635 510 anxie
666 470 834 510 laturum
858 471 997 518 fuisse,
1027 472 1058 510 si
1089 471 1264 524 adempta
1294 471 1492 524 provincia
1520 470 1583 509 alii

95 526 143 564 83
166 537 281 577 quam
303 527 421 565 Mario
442 527 671 566 traderetur.
715 527 833 578 igitur
861 539 906 566 eo
928 528 1060 567 dolore
1095 528 1290 580 inpeditus
1311 535 1349 568 et
1369 528 1459 579 quia
1487 527 1583 579 stul-

167 581 270 621 titiae
300 582 500 622 videbatur
540 584 703 622 alienam
744 596 824 622 rem
855 585 1029 635 periculo
1061 597 1132 623 suo
1165 597 1321 632 curare,
1362 585 1507 634 legatos
1538 582 1583 622 ad

168 638 363 677 Bocchum
386 639 499 678 mittit
519 640 658 690 postu]
652 645 769 688 itum,
791 653 840 679 ue
861 641 944 680 sine
966 653 1077 680 causa
1102 641 1224 680 hostis
1245 640 1392 693 populo
1408 640 1582 679 Romano

166 695 296 734 fieret:
320 694 462 734 habere
485 701 566 734 tum
588 707 766 747 magnam
796 697 945 748 copiam
968 698 1162 736 societatis
1191 697 1460 748 amicitiaeque
1488 707 1583 735 con-

168 751 398 802 iungendae,
431 764 529 803 quae
561 752 689 804 potior
718 752 819 792 bello
851 759 973 801 esset,
1005 759 1042 793 et
1072 766 1305 816 quamquam
1337 753 1478 805 opibus
1502 751 1583 791 suis

166 807 398 856 confideret,
429 814 556 848 tamen
587 821 666 848 non
689 809 828 848 dehere
850 810 995 848 incerta
1025 822 1096 861 pro
1119 810 1234 849 certis
1264 816 1434 849 mutare:
1467 820 1583 847 omne

167 863 309 902 bellum
331 864 431 903 sumi
446 864 569 912 facile,
592 870 764 904 ceterum
781 877 1007 916 aegerrume
1023 866 1221 914 dcsinei‘e3
1245 878 1323 906 non
1348 867 1386 904 in
1409 864 1583 904 eiusdem

165 926 355 970 potestate
371 920 523 960 initium
546 921 630 961 eius
651 929 687 961 et
702 922 818 962 finem
840 934 945 970 esse;
968 923 1141 974 incipere
1164 923 1297 971 cuivis,
1315 923 1426 961 etiam
1444 921 1582 972 ignavo

165 975 303 1024 licere,
335 977 500 1028 deponi,
533 990 621 1017 cum
642 979 806 1018 victores
827 978 966 1026 velint;
1001 979 1164 1030 proinde
1187 979 1258 1018 sibi
1279 991 1481 1030 regnoque
1510 989 1582 1016 suo

165 1033 400 1082 consuleret,
423 1046 497 1073 neu
520 1034 696 1074 florentis
716 1047 778 1074 res
799 1047 889 1074 suas
911 1047 997 1073 cum
1020 1035 1228 1085 Iugurthae
1260 1035 1421 1086 perditis
1441 1034 1581 1073 misce-

122 1094 140 1126 2
165 1095 235 1128 ret.
276 1089 323 1128 ad
344 1102 386 1128 ea
407 1102 472 1128 rex
495 1091 586 1130 satis
607 1091 756 1142 placide
778 1091 891 1130 verba
912 1091 1021 1130 facit:
1053 1103 1137 1130 sese
1157 1103 1290 1143 pacem
1313 1103 1479 1142 cupere,
1512 1089 1578 1129 sed

165 1144 375 1196 Iugurthae
396 1146 640 1186 fortunarum
663 1147 860 1194 misereri;
891 1148 923 1186 si
945 1147 1076 1186 eadem
1099 1147 1153 1185 illi
1175 1148 1286 1198 copia
1308 1148 1429 1194 lieret,
1451 1146 1579 1185 omnia

121 1208 140 1240 3
164 1208 415 1241 conventura.
465 1216 603 1242 rursus
636 1204 846 1254 imperator
875 1209 1008 1242 contra
1036 1204 1228 1255 postulata
1249 1203 1391 1243 Bocchi
1423 1201 1583 1242 nuntios

165 1257 300 1305 mittit;
333 1258 395 1298 ille
426 1260 592 1310 probare
623 1260 786 1310 partim,
821 1260 892 1299 alia
924 1260 1106 1300 abnuere.
1169 1273 1214 1299 eo
1245 1259 1359 1299 modo
1390 1271 1506 1310 saepe
1534 1257 1582 1297 ab

166 1320 332 1366 utroque
353 1315 482 1354 missis
503 1315 755 1368 remissisque
777 1316 926 1356 nuntiis
957 1322 1111 1368 tempus
1133 1316 1344 1368 procedere
1376 1324 1413 1356 et
1433 1327 1478 1355 ex
1499 1314 1579 1354 Me-

163 1370 242 1410 telli
263 1370 462 1411 voluntate
483 1372 627 1411 bellum
649 1373 835 1412 intactum
857 1373 969 1412 trahi.

88 1429 138 1466 84
275 1428 323 1465 At
342 1427 508 1477 Marius,
539 1435 583 1468 ut
616 1441 733 1481 supra
756 1429 943 1477 diximus,
976 1429 1281 1481 cupientissuma
1301 1428 1415 1481 plebe
1440 1426 1578 1467 consul

162 1483 300 1531 factus,
331 1490 538 1535 postquam
561 1486 594 1524 ei
618 1485 856 1537 provinciam
878 1485 1097 1525 Numidiam
1120 1486 1291 1537 populus
1312 1484 1436 1532 iussit,
1467 1490 1577 1523 antea

162 1540 236 1578 iam
258 1539 423 1578 infestus
445 1541 648 1589 nobilitati,
670 1547 750 1580 tum
773 1554 863 1581 vero
884 1542 1031 1581 multus
1053 1548 1168 1593 atque
1188 1542 1296 1581 ferox
1317 1541 1475 1589 instare,
1496 1540 1577 1580 sin-

161 1595 273 1645 gulos
293 1596 409 1635 modo
426 1597 540 1636 modo
560 1597 763 1637 univorsos
779 1598 944 1646 laedere,
968 1598 1142 1637 dictitare
1165 1610 1249 1637 sese
1266 1596 1511 1637 consulatum
1532 1608 1577 1635 ex

162 1651 270 1690 victis
292 1652 366 1691 illis
387 1653 509 1703 spolia
531 1654 702 1705 cepisse,
733 1653 804 1693 alia
825 1661 1023 1705 praeterea
1054 1654 1255 1704 magnifica
1287 1666 1357 1706 pro
1379 1665 1421 1692 se
1443 1659 1482 1692 et
1503 1652 1578 1692 illis

118 1713 137 1746 2
162 1707 342 1747 dolentia.
384 1709 538 1748 interim
561 1722 660 1761 quae
680 1710 781 1749 bello
803 1722 904 1761 opus
925 1717 1035 1749 erant
1058 1711 1182 1762 prima
1202 1711 1357 1756 habere,
1380 1709 1577 1761 postulare

162 1764 381 1815 legionibus
397 1766 730 1817 supplementum,
747 1766 886 1805 auxilia
897 1767 1083 1818 apopulis
1096 1772 1134 1805 et
1143 1768 1301 1818 regibus
1311 1767 1505 1817 sociisque
1515 1777 1576 1804 ar·

162 1833 327 1869 cessere,
349 1828 548 1872 praeterea
572 1835 616 1862 ex
633 1822 741 1862 Latio
758 1822 1027 1862 fortissumum
1046 1835 1254 1875 quemque,
1275 1823 1483 1874 plerosque
1504 1822 1576 1861 mi·

162 1877 265 1916 litiae
286 1889 432 1929 paucos
453 1879 551 1918 sama
581 1879 760 1930 cognitos
781 1879 907 1918 accire
928 1885 966 1918 et
996 1879 1206 1919 ambiundo
1228 1891 1368 1930 cogere
1398 1878 1576 1918 homines

118 1939 137 1971 3
161 1934 331 1972 emeritis
364 1934 569 1985 stipendiis
589 1948 722 1975 secum
751 1936 957 1987 proficisci.
1001 1948 1128 1987 neque
1159 1936 1212 1975 illi
1234 1942 1411 1982 senatus,
1443 1946 1577 1987 quam·

162 2001 275 2041 quam
298 1990 482 2029 advorsus
503 1997 604 2040 erat,
637 1991 682 2030 de
704 1992 783 2030 ullo
807 1993 963 2042 negotio
985 1992 1157 2032 abnuere
1179 1992 1353 2032 audebat.
1405 1997 1577 2031 ceterum

159 2046 476 2098 supplementum
494 2047 607 2087 etiam
627 2047 750 2087 laetus
770 2048 1012 2096 decreverat,
1045 2048 1135 2100 quia
1157 2061 1286 2100 neque
1316 2047 1420 2099 plebi
1441 2046 1577 2087 militia

161 2103 304 2142 volenti
325 2102 535 2153 putabatur
555 2110 592 2144 et
612 2104 756 2143 Marius
777 2110 843 2143 aut
864 2104 952 2144 belli
975 2117 1089 2144 usum
1111 2111 1177 2144 aut
1193 2104 1316 2144 studia
1338 2104 1440 2155 volgi
1461 2103 1575 2143 amis·

160 2171 288 2198 surus.
330 2160 396 2198 sed
420 2172 461 2198 ea
483 2173 544 2199 res
565 2161 707 2200 frustra
730 2167 901 2212 sperata:
925 2167 1029 2201 tanta
1052 2161 1184 2200 lubido
1207 2174 1294 2201 cum
1315 2160 1436 2200 Mario
1457 2159 1575 2200 eundi

116 2220 136 2251 4
160 2215 368 2267 plerosque
389 2216 590 2257 invaserat.
631 2229 716 2256 sese
739 2217 905 2268 quisque
927 2218 1065 2269 praeda
1084 2217 1318 2270 locupletem
1338 2217 1435 2265 sore,
1456 2215 1576 2255 victo-

252 2339 265 2371 1
294 2338 420 2371 artibus
446 2350 490 2370 ea:
514 2338 653 2371 artubus
678 2338 733 2383 ΡΗ
750 2341 768 2373 2
794 2338 923 2371 mollite
949 2339 1004 2383 ΡΙΙ
1022 2343 1040 2374 4
1067 2351 1134 2383 quo
1159 2340 1224 2373 iam
1249 2350 1293 2371 ex
1317 2337 1462 2382 quodam
1484 2337 1538 2381 ΡΙΙ
1557 2339 1576 2370 5

160 2382 282 2416 honere
300 2382 353 2426 ΡΙΙ
373 2386 392 2417 6
418 2383 473 2416 alii
500 2394 564 2434 qu
591 2384 695 2417 mario
720 2387 823 2425 (eras
843 2384 874 2423 .)
899 2383 954 2428 ΡΗ
976 2387 1013 2417 10
1039 2395 1193 2428 magnam
1211 2384 1341 2435 copiam
1357 2394 1403 2416 ex
1419 2392 1577 2425 magnum

159 2427 292 2479 οορυίηῐῐι
308 2429 362 2471 ΡΙ]
384 2430 424 2462 14
443 2428 549 2461 cuiuis
573 2440 618 2461 eoe
636 2429 731 2462 cuius
747 2428 800 2472 ΡΙΙ
823 2431 859 2462 17
880 2428 957 2461 facit
985 2441 1029 2462 ea:
1047 2430 1107 2463 fuit
1125 2429 1179 2474 ΡΙΙ
1199 2431 1239 2463 22
1264 2429 1444 2461 intractum
1461 2429 1492 2461 P
1505 2427 1518 2472 ΙΙ
1534 2429 1577 2462 29

158 2473 328 2516 sociisque
353 2483 464 2506 arcess
466 2483 520 2506 ele
549 2474 606 2506 PC
626 2476 789 2516 (quorum
814 2474 951 2516 aliquot
974 2485 1144 2508 accersere
1172 2475 1227 2507 zel
1251 2474 1442 2510 accersirel:
1475 2473 1579 2507 sociis

159 2528 326 2551 arcessere
348 2519 500 2561 siesbye,
527 2520 625 2561 prob.
647 2519 760 2552 Madv.
783 2519 869 2552 Ado.
888 2519 920 2561 2,
940 2519 1007 2553 292
1033 2521 1044 2563 ΙΙ
1071 2522 1111 2553 34
1137 2519 1255 2553 militia
1282 2518 1316 2559 C,
1346 2518 1499 2551 militiam
1524 2517 1580 2552 PC

165 2563 168 2601 l
193 2565 234 2596 35
261 2563 387 2596 uolenti
414 2563 477 2604 PC,
503 2564 639 2598 uolente
667 2563 718 2607 ΟΙΙ
738 2565 942 2609 putabantur
967 2565 1020 2609 ΡΙΙ
1039 2565 1149 2599 studia
1173 2576 1218 2597 ex
1241 2545 1342 2597 dubia
1367 2565 1398 2596 P

1615 703 1653 735 10

1615 984 1651 1016 15

1611 1263 1651 1297 20

1607 1547 1689 1600 25Ὶ

1605 2110 1645 2142 35
