1709 2885
561 102 615 135 DE
638 101 771 135 BELLO
794 101 1056 135 IUGERTHINo
1461 98 1513 137 79

111 206 193 246 sisti
215 217 348 257 posse:
372 207 473 244 iuxta
494 205 586 244 boni
607 205 774 257 malique
794 206 942 244 strenui
964 211 1000 244 et
1023 205 1185 244 inbelles
1209 205 1322 244 inulti
1350 204 1513 243 obtrun-

111 262 201 301 cari.
242 262 281 300 in
303 274 345 300 ea
366 269 470 301 tanta
490 261 692 312 asperitate
713 262 955 300 saevissumis
975 261 1151 300 Numidis
1171 269 1207 300 et
1228 261 1370 312 oppido
1401 260 1512 299 undi-
1536 264 1554 296 3

112 330 187 370 que
210 317 339 357 clauso
362 318 561 369 Turpilius
580 318 798 368 praefectus
815 330 917 357 unus
933 330 979 356 ex
994 318 1174 356 omnibus
1189 317 1330 356 Italicis
1345 318 1513 355 intactus

110 374 294 426 profugit.
337 374 373 412 id
392 373 706 413 misericordiane
728 374 890 425 hospitis
911 386 957 412 an
979 374 1158 424 pactione
1174 381 1239 413 aut
1253 386 1343 412 casu
1362 373 1412 411 ita
1429 385 1514 412 eve-

110 430 223 476 nerit,
246 442 381 481 parum
404 429 682 481 comperimus:
706 430 792 476 nisi,
817 430 905 481 quia
926 430 981 468 illi
1001 430 1040 469 in
1063 436 1169 469 tanto
1185 430 1285 469 malo
1302 429 1428 480 turpis
1442 429 1515 467 vita

110 486 259 536 integra
279 486 377 525 fama
399 487 527 538 potior
547 486 640 533 fuit,
662 486 852 537 inprobus
873 486 1176 536 intestabilisque
1199 486 1359 525 videtur.

220 542 410 589 Metellus,
432 549 635 593 postquam
654 542 699 580 de
715 541 832 580 rebus
848 542 971 593 Vagae
989 543 1082 582 actis
1100 542 1300 594 comperit,
1317 541 1516 593 paulisper
1537 542 1585 578 68

108 604 277 637 maestus
299 611 343 637 ex
365 605 576 650 conspectu
597 598 686 637 abit.
728 598 864 636 deinde
886 599 952 637 ubi
973 599 1028 638 ira
1050 606 1087 638 et
1106 599 1304 649 aegritudo
1326 597 1515 650 permixta

44 686 53 689 5
110 660 219 701 sunt,
243 667 330 693 cum
351 667 526 694 maxuma
548 667 638 693 cura
671 655 794 693 ultum
823 655 878 693 ire
908 655 1068 694 iniurias
1100 655 1268 694 festinat.
1308 655 1513 705 legionem,
1537 658 1555 690 2

0 693 21 731 7
42 693 81 751 '10

42 1000 79 1032 15

15 1284 17 1289 ·
39 1280 79 1312 20

40 1560 78 1592 25

0 1842 16 1885 '.;
40 1842 77 1874 30

2 2124 21 2169 χ
42 2121 80 2154 35

111 722 199 749 cum
230 723 305 761 qua
333 711 545 757 hiemabat,
576 718 612 749 et
642 723 755 761 quam
786 710 988 761 plurumos
1009 717 1137 763 potest
1156 710 1339 750 Numidas
1366 710 1515 761 equites

108 767 254 817 pariter
275 779 360 805 cum
383 779 521 806 occasu
543 766 634 805 solis
656 766 854 817 expeditos
877 767 1003 806 educit
1025 773 1061 807 et
1084 775 1241 819 postero
1273 767 1333 806 die
1363 767 1516 805 circiter

108 823 202 861 hora
222 823 332 862 tertia
353 823 526 874 pervenit
546 822 586 860 in
609 823 799 873 quandam
821 823 1019 874 planitiem
1040 824 1135 863 locis
1155 824 1270 875 paulo
1302 822 1516 874 superiori-

107 877 181 917 bus
202 879 511 918 circumventam.
552 879 604 917 ibi
625 878 765 918 milites
786 879 909 918 fessos
930 880 1078 919 itineris
1098 880 1363 930 magnitudine
1384 886 1421 918 et
1440 879 1513 917 iam
1538 883 1556 914 3

109 935 314 974 abnuentis
331 935 459 974 omnia
479 935 590 974 docet
612 935 797 986 oppidum
822 935 961 986 Vagam
992 948 1070 975 non
1100 936 1265 988 amplius
1295 936 1399 974 mille
1427 946 1516 986 pas-

109 1003 221 1030 suum
237 992 390 1031 abesse:
407 992 543 1031 decere
557 991 643 1029 illos
660 991 820 1030 relicum
838 991 1006 1031 laborem
1023 1004 1145 1043 aequo
1163 992 1290 1031 animo
1306 993 1398 1043 pati,
1424 991 1515 1030 dum

108 1059 179 1098 pro
202 1048 348 1086 civibus
369 1048 469 1095 suis,
490 1048 582 1086 ‘viris
603 1048 835 1086 fortissumis
857 1055 969 1099 atque
990 1049 1254 1097 miserrumis,
1285 1061 1430 1099 poenas
1453 1059 1515 1086 ca-

108 1110 258 1155 perent.
299 1110 496 1155 praeterea
516 1104 697 1165 praedam
718 1104 884 1154 benigne
906 1110 1082 1144 ostentat.
1125 1106 1181 1144 sic
1211 1105 1349 1144 animis
1380 1115 1515 1143 eorum
1539 1109 1558 1140 4

107 1159 284 1207 adrectis,
301 1161 451 1211 equites
467 1161 505 1198 in
523 1160 649 1211 primo
665 1160 751 1207 late,
768 1161 915 1211 pedites
932 1173 1046 1212 quam
1063 1162 1264 1200 artissume
1282 1163 1314 1200 i1
1319 1174 1338 1200 e
1355 1167 1392 1199 et
1407 1161 1516 1211 signa

108 1216 300 1255 occultare
322 1216 440 1255 iubet.
480 1216 673 1266 Vagenses
694 1217 759 1255 ubi
791 1217 960 1256 animum
989 1218 1188 1257 adv-ortem
1217 1217 1261 1256 ad
1291 1230 1331 1257 se
1359 1228 1516 1255 vorsum
1540 1218 1589 1253 69

109 1273 319 1312 exercitum
341 1284 525 1323 pergem,
546 1272 693 1323 primo,
716 1273 771 1311 uti
793 1280 873 1312 erat
893 1285 967 1320 res,
988 1274 1184 1313 Metellum
1207 1287 1291 1313 esse
1313 1274 1398 1320 rati,
1423 1285 1516 1336 por·
1576 1276 1595 1314 ’Ξ

108 1336 164 1368 tas
190 1329 374 1375 clausere,
397 1329 535 1367 deinde
558 1329 623 1367 ubi
645 1341 772 1379 neque
793 1341 906 1379 agros
926 1331 1062 1369 vastari
1084 1338 1119 1370 et
1142 1343 1220 1377 eOS,
1239 1331 1303 1381 qui
1322 1330 1436 1381 primi
1452 1329 1518 1368 ad-

108 1392 236 1432 erant,
257 1385 441 1424 Numidas
463 1385 611 1436 equites
633 1385 781 1431 vident,
804 1398 958 1424 rursum
979 1386 1204 1436 Iugurtham
1227 1386 1397 1425 arbitrati
1430 1397 1517 1424 cum

107 1453 246 1492 magno
269 1441 407 1492 gaudio
429 1441 529 1480 obvii
550 1441 782 1491 procedunt.
823 1442 971 1492 equites
987 1443 1213 1494 peditesque
1228 1448 1389 1493 repente
1406 1442 1517 1492 signo
1540 1447 1559 1478 2

108 1498 193 1536 dato
215 1498 278 1536 alii
297 1498 450 1548 volgum
473 1497 637 1536 effusum
659 1497 803 1548 oppido
825 1498 995 1544 caedere,
1018 1498 1080 1536 alii
1102 1500 1147 1537 ad
1167 1505 1299 1549 portas
1319 1498 1516 1544 festinare,

107 1566 196 1606 pars
218 1555 336 1593 turris
353 1565 510 1604 capere:
529 1553 584 1592 ira
601 1559 714 1604 atque
731 1554 893 1604 praedae
910 1566 998 1605 spes
1016 1554 1180 1606 amplius
1199 1567 1312 1605 quam
1331 1553 1516 1593 lassitudo

106 1622 234 1661 posse.
275 1610 324 1648 ita
346 1609 539 1661 Vagenses
559 1609 715 1648 biduom
738 1609 851 1648 modo
875 1622 919 1649 ex
936 1610 1095 1660 perfidia
1111 1611 1249 1650 laetati.
1292 1611 1421 1649 civitas
1437 1622 1517 1648 ma·
1541 1615 1559 1646 3

108 1678 181 1717 gna
203 1673 238 1705 et
261 1667 425 1718 opulens
447 1672 584 1704 cuncta
606 1678 754 1716 poenae
775 1672 839 1704 aut
859 1666 1023 1717 praedae
1043 1667 1128 1706 fuit.
1170 1667 1383 1718 Turpilius,
1403 1678 1517 1717 quem
1541 1672 1560 1702 4

107 1723 345 1773 praefectum
355 1722 487 1773 oppidi
504 1734 626 1760 unum
643 1735 688 1760 ex
705 1722 885 1761 omnibus
901 1724 1121 1773 profugisse
1137 1735 1254 1774 supra
1265 1723 1518 1767 ostendimus,

106 1779 236 1818 iussus
256 1791 276 1818 a
297 1778 448 1817 Metello
471 1790 623 1817 causam
645 1777 772 1816 dicere
801 1784 1006 1828 postquam
1036 1791 1120 1818 sese
1150 1792 1288 1830 parum
1318 1784 1518 1830 expurgat,

108 1835 386 1874 condemnatus
407 1834 708 1884 verberatusque
731 1834 854 1884 capite
875 1846 1020 1885 poenas
1041 1835 1171 1874 solvit:
1204 1848 1292 1874 nam
1313 1836 1345 1874 is
1367 1835 1458 1873 civis
1475 1846 1518 1873 ex

106 1891 215 1929 Latio
237 1897 329 1930 erat.

219 1946 294 1985 Per
321 1947 420 1985 idem
450 1952 603 1996 tempus
632 1945 842 1991 Bomilcar,
873 1946 983 1985 cuius
1012 1947 1170 1998 inpulsu
1198 1947 1383 1997 Iugurtha
1411 1947 1516 1985 dedi·
1543 1949 1588 1984 70

107 2004 265 2050 tionem,
302 2014 416 2053 quam
440 2008 543 2040 metu
566 2002 747 2049 deseruit,
777 2002 996 2054 inceperat,
1027 2009 1231 2054 suspectus
1262 2004 1343 2054 regi
1375 2009 1411 2042 et
1434 2003 1518 2054 ipse

109 2071 196 2098 eum
218 2059 437 2110 suspiciens
459 2070 575 2097 novas
594 2070 657 2097 res
679 2069 834 2108 cupere,
856 2059 901 2097 ad
922 2059 1134 2111 perniciem
1154 2060 1235 2099 eius
1253 2060 1383 2099 dolum
1402 2072 1518 2110 quae-

110 2127 215 2160 rere,
239 2115 298 2153 die
321 2120 516 2164 noctuque
535 2114 693 2165 fatigare
718 2114 908 2163 animum;
939 2116 1107 2166 denique
1137 2118 1264 2156 omnia
1293 2116 1517 2167 temptando
1541 2122 1559 2153 2

109 2172 257 2211 socium
279 2171 351 2210 sibi
374 2170 548 2220 adiungit
566 2170 804 2217 Nabdalsam,
825 2171 1021 2211 hominem
1043 2172 1225 2221 nobilem,
1255 2172 1404 2224 magnis
1433 2172 1518 2223 opi-

199 2307 220 2338 4
237 2314 278 2337 an
294 2304 449 2347 pactione
475 2309 530 2335 aut
547 2303 610 2336 PC.
635 2315 675 2336 an
700 2305 854 2347 pactione
880 2315 921 2337 an
947 2304 996 2348 Cn
1017 2307 1032 2336 7
1054 2312 1243 2349 compaerat
1262 2306 1313 2340 ΡΙῘ
1335 2308 1352 2340 S
1371 2306 1473 2339 ambit
1494 2306 1524 2338 P

109 2348 152 2394 {19
170 2349 329 2382 festinant
348 2360 391 2380 ea:
408 2348 543 2381 festinat
557 2349 588 2380 P
602 2340 614 2391 ΙΙ
632 2351 668 2382 11
690 2355 824 2392 postera
841 2350 903 2383 PC.
918 2360 980 2392 pos
966 2356 1053 2382 tero
1071 2350 1097 2383 C
1112 2350 1123 2393 ΙΙ
1145 2353 1181 2383 12
1200 2351 1280 2384 hora
1298 2351 1394 2384 tertia
1409 2352 1443 2385 P
1461 2351 1520 2382 ho-

109 2404 178 2427 ram
196 2394 328 2426 tertiam
348 2393 401 2436 Css
421 2395 460 2426 1S
477 2393 544 2425 late
564 2393 598 2434 C,
621 2393 725 2427 latere
742 2394 821 2438 PGH
842 2396 882 2428 23
902 2395 1002 2428 obuio
1020 2394 1073 2437 PU
1093 2397 1135 2428 24
1160 2396 1297 2438 uolgum
1323 2397 1388 2435 (ita
1405 2397 1446 2436 P)
1466 2395 1521 2427 vel

111 2439 248 2481 uulgum
265 2439 474 2481 PCpr-aeter
498 2418 686 2470 deterfiores
709 2439 795 2472 dnos
824 2450 881 2481 quc
908 2439 1030 2482 uulgus
1046 2438 1058 2483 1]
1079 2442 1118 2474 25
1143 2441 1210 2474 irae
1228 2442 1257 2473 P
1271 2441 1282 2483 ΙΙ
1300 2443 1341 2474 30
1365 2441 1520 2474 uerbera-

111 2484 221 2527 tisque
246 2486 279 2523 (u
303 2494 376 2526 sup.
403 2483 426 2523 ij)
451 2483 504 2525 ΡΙ]
525 2482 607 2515 ciuis
632 2493 672 2516 ex
695 2483 776 2517 latio
804 2484 828 2517 C
851 2487 955 2523 (unus
980 2495 1043 2517 om.
1070 2485 1176 2520 ciuis)
1206 2486 1288 2518 ciuis
1316 2496 1356 2518 ex
1382 2485 1517 2518 collatio

111 2529 141 2561 P
162 2529 238 2566 (sed
260 2538 300 2561 ex
323 2539 350 2561 s,
363 2539 387 2561 s.
413 2532 447 2560 et
471 2530 507 2559 in
530 2538 598 2569 mg.
618 2530 741 2561 iterato
766 2539 810 2561 m.
828 2532 863 2570 1)
892 2530 934 2562 C:
960 2529 1003 2568 cf.
1029 2529 1217 2563 Mommsen
1244 2530 1461 2563 Stadtreehte
1482 2540 1518 2572 p.

111 2573 177 2607 399
202 2573 280 2606 adn.
298 2573 343 2606 20
361 2572 372 2616 ςΙ
390 2575 431 2606 34
458 2573 637 2615 perniciem
657 2574 692 2606 P.
717 2574 905 2616 perneciem
926 2586 950 2616 p
