1709 2885
550 120 604 152 DE
629 119 762 153 BELLo
786 119 1048 153 lucuaTfflNo
1456 115 1508 156 53

96 223 206 274 copia
231 234 311 260 non
333 222 416 260 fuit.
457 223 644 273 Iugurtha
665 222 731 261 ubi
754 235 819 262 eos
841 222 968 261 Africa
989 221 1200 261 decessisse
1220 228 1326 260 ratus
1349 227 1419 268 est,
1440 234 1509 260 116-
1533 223 1583 259 23

97 290 171 330 que
192 285 354 329 propter
382 278 457 317 loci
489 283 664 317 naturam
695 278 836 318 Cirtam
866 278 981 317 armis
1002 289 1224 329 expugnare
1245 283 1392 329 potest,
1413 277 1510 316 vallo

95 340 209 385 atque
231 334 332 373 fossa
347 335 501 373 moenia
517 335 746 381 circumdat,
764 335 884 374 turris
909 335 1050 373 extruit
1066 346 1206 384 easque
1223 333 1425 385 praesidiis
1444 334 1511 372 fir-

94 395 192 438 mat,
223 396 420 441 praeterea
449 391 528 429 dies
554 390 756 441 noctisque
789 397 855 430 aut
883 403 955 442 per
980 390 1056 429 vim
1086 395 1152 428 aut
1181 389 1279 428 dolis
1309 395 1509 441 temptare.

46 454 64 485 5
95 446 363 486 defensoribus
392 447 590 485 moenium
619 447 787 497 praemia
814 447 930 485 modo
957 447 1075 485 modo
1103 445 1351 484 formidinem
1380 451 1511 484 osten-

93 508 174 541 tare
187 533 197 543 .
218 515 310 541 suos
331 503 521 541 hortando
542 503 587 541 ad
607 503 787 541 virtutem
808 504 990 553 arrigere,
1011 514 1174 554 prorsus
1194 502 1369 540 intentus
1390 514 1510 540 cunc-

93 564 129 597 ta
152 570 300 609 parare.
342 559 532 597 Adherbal
560 559 624 596 ubi
653 558 843 608 intellegit
871 559 997 597 omnis
1017 571 1106 597 suas
1126 559 1303 596 fortunas
1324 559 1362 596 in
1386 562 1511 596 extre·
1533 562 1553 594 2

92 626 154 652 mo
180 615 292 660 sitas,
321 615 470 654 hostem
498 615 702 661 infestum,
732 615 848 653 auxili
869 627 978 666 spem
999 615 1166 661 nullam,
1195 614 1360 664 penuria
1379 625 1511 652 rerum

93 671 400 709 necessariarum
416 671 559 710 bellum
577 683 656 709 non
677 671 776 710 trahi
793 683 909 721 posse
921 702 930 714 ,
949 684 993 709 ex
1011 671 1065 710 eis
1081 671 1147 722 qui
1167 683 1243 708 una
1262 670 1401 709 Cirtam
1418 682 1513 721 pro-

26 732 64 764 10
92 726 273 777 fugerant
290 727 387 765 duos
413 739 590 766 maxume
606 727 783 777 inpigros
808 727 960 776 delegit.
1003 740 1068 766 eos
1090 727 1209 765 multa
1228 726 1449 777 pollicendo
1470 738 1514 764 ac

91 783 310 821 miserando
339 795 467 821 casum
498 795 611 821 suum
643 783 844 822 confirmat
881 783 936 821 uti
974 796 1045 834 per
1073 783 1244 821 hostium
1273 783 1513 821 munitiones

92 844 209 877 noctu
228 839 518 889 adproxumum
537 850 655 885 mare,
677 839 765 877 dein
777 839 937 877 Romam
949 846 1170 890 pergerent.
1211 838 1396 877 Numidae
1412 850 1511 889 pau-
1536 839 1587 875 24

91 895 145 933 cis
167 894 303 933 diebus
325 895 429 934 iussa
450 894 636 934 efficiunt.
677 895 827 934 litterae
850 895 1073 934 Adherbalis
1096 896 1135 934 in
1158 902 1294 934 senatu
1317 895 1510 941 recitatae,

91 962 254 1001 quarum
276 951 467 989 sententia
484 951 579 990 haec
598 951 684 989 fuit.

23 1012 60 1044 15
188 1003 200 1017 ⁶
215 1006 300 1045 Non
321 1019 404 1045 mea
427 1008 541 1058 eulpa
562 1019 677 1058 saepe
697 1008 743 1045 ad
758 1019 825 1045 vos
846 1013 994 1046 oratum
1016 1008 1139 1054 mitto,
1162 1013 1290 1058 patres
1312 1007 1513 1057 couscrip-
1536 1012 1555 1043 2

88 1062 137 1111 ti,
168 1063 234 1101 sed
254 1063 310 1101 vis
329 1063 540 1114 Iugurthae
562 1063 726 1114 subigit,
758 1075 872 1114 quem
901 1069 1006 1103 tanta
1022 1064 1155 1102 lubido
1179 1063 1427 1113 extinguendi
1452 1074 1513 1101 me

89 1117 245 1165 invasit,
276 1124 319 1157 111
347 1131 476 1170 neque
504 1132 571 1158 vos
608 1132 736 1170 neque
766 1120 858 1158 deos
896 1120 1111 1158 inmortalis
1143 1120 1180 1158 in
1213 1120 1341 1157 animo
1366 1119 1512 1166 habeat,

90 1175 318 1224 sanguinem
338 1187 468 1214 meum
499 1188 613 1226 quam
644 1176 771 1214 omnia
792 1176 910 1214 malit.
951 1177 1081 1227 itaque
1105 1176 1286 1226 quintum
1308 1175 1382 1213 iam
1402 1187 1513 1213 men·
1537 1181 1555 1211 3

90 1242 170 1269 sem
193 1231 322 1269 socius
343 1238 380 1269 et
400 1231 546 1270 amicus
566 1232 703 1283 populi
724 1231 888 1270 Romani
918 1233 1033 1271 armis
1056 1233 1238 1271 obsessus
1260 1238 1416 1281 teneor,
1444 1243 1512 1269 116-

20 1293 60 1325 20
88 1299 163 1337 que
185 1286 277 1325 mihi
300 1287 482 1338 Micipsae
502 1289 622 1339 patris
643 1288 719 1326 mei
740 1287 918 1326 benificia
932 1301 1060 1338 neque
1081 1294 1208 1326 vostra
1230 1288 1381 1326 decreta
1403 1287 1511 1326 auxi-

88 1342 251 1388 liantur;
289 1343 393 1382 ferro
430 1357 477 1382 an
515 1344 614 1382 fame
645 1344 771 1382 acrius
801 1356 941 1394 urgear
967 1344 1138 1383 incertus
1178 1356 1276 1382 sum.
1330 1344 1440 1394 plura
1467 1343 1513 1381 de
1536 1349 1555 1379 4

88 1398 275 1449 Iugurtha
291 1400 460 1438 scribere
477 1400 704 1439 dehortatur
719 1412 781 1438 me
798 1401 952 1439 fortuna
972 1413 1067 1439 mea.
1110 1400 1223 1439 etiam
1246 1404 1356 1438 antea
1374 1411 1511 1450 exper-

88 1459 150 1493 tus
171 1467 258 1493 sum
278 1468 415 1506 parum
436 1457 524 1494 fidei
546 1456 697 1495 miseris
719 1468 815 1494 esse.
857 1457 932 1494 nisi
954 1462 1082 1495 tamen
1113 1456 1295 1505 intellego
1318 1456 1427 1493 illum
1448 1468 1513 1494 su—
1538 1461 1556 1491 5

87 1523 156 1561 pra
167 1523 282 1562 quam
294 1523 363 1561 ego
381 1524 466 1550 sum
485 1518 617 1562 petere
629 1524 757 1562 neque
774 1512 1104 1550 simulamicitiam
1117 1518 1282 1549 vostram
1301 1518 1337 1549 et.
1349 1523 1513 1561 regnum

39 1574 58 1606 5
86 1579 215 1605 meum
262 1579 432 1618 sperare.
473 1573 604 1606 utrum
652 1568 803 1617 gravius
849 1569 1075 1615 existumet,
1125 1567 1271 1606 nemini
1318 1567 1512 1606 occultum

86 1628 153 1662 est.
211 1635 296 1662 nam
338 1624 448 1662 initio
494 1625 634 1662 occidit
678 1623 937 1674 Hiempsalem
981 1625 1139 1662 fratrem
1179 1636 1330 1671 meum,
1376 1623 1513 1662 deinde
1537 1627 1556 1659 6

83 1679 208 1730 patrio
229 1691 350 1730 regno
367 1692 428 1718 me
453 1680 611 1731 expulit.
653 1692 750 1730 quae
767 1692 859 1719 sane
879 1680 1025 1719 fuerint
1042 1686 1198 1719 nostrae
1219 1679 1396 1726 iniuriae,
1419 1679 1514 1718 nihil

84 1735 127 1773 ad
146 1747 225 1774 vos.
265 1748 397 1774 verum
413 1749 521 1775 nunc
545 1742 718 1775 vostrum
752 1748 916 1786 regnum
942 1736 1057 1774 armis
1073 1742 1199 1784 tenet,
1219 1748 1292 1781 me,
1315 1747 1431 1786 quem
1447 1747 1514 1773 vos
1534 1741 1551 1772 7

83 1791 356 1842 imperatorem
383 1792 560 1831 Numidis
583 1791 790 1843 posuistis,
814 1792 988 1830 clausum
1009 1792 1177 1830 obsidet:
1195 1792 1408 1842 legatorum
1430 1803 1514 1829 ver-

34 1852 55 1884 0
83 1847 130 1886 ha
152 1848 287 1898 quanti
307 1848 464 1894 fecerit,
486 1848 660 1898 pericula
679 1859 764 1886 mea
785 1848 991 1886 declarant.
1033 1848 1125 1898 quid
1148 1853 1206 1886 est
1226 1847 1418 1897 reliquom
1440 1847 1514 1885 nisi
1537 1853 1556 1883 8

82 1903 138 1942 vis
157 1910 306 1949 vostra,
338 1916 415 1954 quo
437 1903 582 1942 moveri
612 1902 764 1954 possit?
795 1916 884 1942 nam
914 1916 985 1954 ego
1018 1904 1175 1954 quidem
1206 1903 1341 1942 vellem
1363 1911 1400 1942 et
1421 1903 1514 1941 haec
1536 1908 1556 1940 9

85 1971 182 2010 quae
203 1959 331 1997 scribo
353 1965 391 1997 et
412 1959 473 1997 illa
505 1972 603 2010 quae
628 1965 738 1998 antea
759 1960 797 1998 in
821 1967 958 1999 senatu
979 1966 1141 2011 questus
1163 1972 1248 1999 sum
1270 1972 1364 1998 vana
1386 1961 1515 1998 forent

83 2015 215 2065 potius
244 2027 357 2065 quam
389 2015 543 2054 miseria
573 2027 655 2054 mea
684 2016 798 2054 fidem
827 2016 954 2055 verbis
975 2017 1130 2055 faceret.
1172 2017 1238 2055 sed
1259 2015 1444 2066 quoniam
1466 2027 1512 2054 eo
1536 2020 1574 2052 10

84 2076 198 2110 natus
219 2083 326 2118 sum,
351 2077 394 2109 ut
414 2071 623 2120 Iugurthae
639 2071 828 2123 scelerum
850 2072 1018 2111 ostentui
1041 2084 1177 2121 essem,
1210 2085 1291 2111 non
1312 2072 1386 2110 iam
1408 2083 1512 2110 mor-

35 2131 54 2164 5
84 2133 160 2166 tem
182 2139 310 2177 neque
331 2139 555 2176 aerumnas,
576 2133 726 2184 tantum
755 2129 869 2168 modo
900 2128 1046 2168 inimici
1068 2128 1276 2179 imperium
1306 2134 1343 2166 et
1364 2127 1512 2167 crucia-

83 2190 146 2222 tus
176 2183 352 2234 corporis
382 2183 581 2234 deprecor.
622 2196 744 2234 regno
773 2184 996 2233 Numidiae,
1027 2185 1131 2236 quod
1158 2191 1331 2223 vostrum
1354 2189 1434 2231 est,
1457 2184 1511 2222 uti

83 2238 190 2278 lubet
213 2239 403 2278 consulite
419 2253 426 2277 :
446 2251 506 2278 me
522 2240 700 2279 manibus
717 2241 836 2291 inpiis
848 2241 997 2293 eripite,
1020 2253 1091 2291 per
1106 2241 1341 2279 maiestatem
1360 2240 1511 2291 imperi,

174 2362 214 2392 12
240 2363 418 2402 pergerent
449 2371 491 2392 6-1
510 2364 629 2402 gerunt
644 2361 700 2404 ΡΗ
720 2363 758 2395 15
784 2361 826 2395 ad
850 2372 916 2394 om.
936 2362 972 2394 V
983 2362 994 2404 Η
1018 2363 1056 2395 16
1082 2361 1185 2394 subiit
1212 2362 1264 2403 ΡΗ
1285 2363 1328 2394 20
1352 2361 1418 2394 mei
1443 2372 1507 2393 om.

85 2404 122 2437 V
133 2403 146 2447 ss
167 2406 207 2438 21
226 2404 374 2437 incertus
392 2415 465 2437 sum
482 2405 548 2446 PC,
572 2405 734 2439 incertum
753 2409 805 2440 est
823 2406 876 2449 Vp
902 2409 957 2446 (in
977 2416 1088 2448 marg.
1089 2409 1107 2447 )
1122 2418 1140 2437 z
1157 2406 1168 2450 Η
1187 2406 1283 2449 plura
1298 2425 1340 2430 -
1352 2410 1510 2448 expertus

84 2459 157 2482 sum
181 2451 220 2480 in
242 2459 357 2500 mqrg.
384 2449 449 2488 z'ns'.
466 2448 522 2492 ΡΗ
540 2450 651 2500 expuli
670 2450 728 2495 VH
749 2453 790 2485 31
816 2451 868 2484 uis
895 2452 983 2502 (uns
1007 2452 1053 2491 P)
1078 2455 1191 2484 uestra
1208 2451 1271 2491 PC,
1297 2457 1354 2484 ura
1381 2451 1432 2483 uis
1458 2451 1512 2491 Vll

85 2494 920 2573 333b533r¹s⁶3r35253mss25522222‘thufflffiefss
944 2497 979 2573 ‘i'
1009 2506 1078 2574 219¹}
1101 2496 1176 2573 (ἔέἕῑ
1192 2497 1318 2582 311ἿῖΡῇ
1334 2506 1378 2573 ἓᾚ·
1398 2495 1452 2583 {3⁷1¹}
1470 2497 1512 2574 ³3

99 2583 158 2627 Vll
177 2585 217 2617 35
245 2563 426 2617 cr’uciatum
453 2584 484 2616 1²·
498 2583 511 2628 ss
531 2586 571 2618 37
598 2595 651 2617 me
674 2551 948 2627 manihufini',
974 2567 1026 2618 ine
1051 2566 1091 2618 ex
1115 2551 1268 2618 madibus
1295 2563 1342 2618 0'
1512 2567 1514 2572 ,
