1709 2885
484 84 539 117 DE
564 82 881 118 coummrlom:
907 81 1131 116 cAmmAE
1464 64 1467 65 ⁷
1491 79 1517 118 9

102 187 143 226 in
178 186 333 226 urbium
368 186 527 226 modum
563 186 848 233 exaedificatas,
883 185 1007 224 visere
1035 184 1178 236 templa
1206 185 1389 233 deorum,
1419 198 1516 236 quae

103 243 227 282 nostri
247 243 433 291 maiores,
455 242 749 294 religiosissumi
769 242 970 288 mortales,
992 241 1132 280 fecere.
1172 253 1306 280 verum
1328 241 1382 281 illi
1409 241 1515 281 delu-
1539 250 1559 282 4

101 299 170 338 bra
191 298 354 338 deorum
376 300 538 350 pietate,
560 299 696 337 domos
718 310 806 337 suas
827 298 948 349 gloria
971 297 1224 344 decorabant,
1257 310 1385 349 neque
1406 299 1516 338 victis

103 355 312 406 quicquam
329 362 483 407 praeter
497 354 662 394 iniuriae
679 354 874 393 licentiam
890 354 1117 405 eripiebant.
1154 353 1245 393 athi
1264 355 1516 406 contraigna—
1539 362 1559 394 5

53 418 74 450 5
103 411 262 451 vissumi
294 412 472 452 homines
500 422 570 463 per
599 422 794 449 summum
824 410 952 449 scelus
981 410 1110 449 omnia
1131 422 1174 449 ea
1195 409 1311 448 sociis
1335 410 1515 458 adimere,

102 480 201 519 quae
220 467 435 507 fortissumi
455 467 526 506 viri
545 466 710 506 victores
730 466 989 518 reliquerant;
1011 466 1177 518 proinde
1199 466 1311 517 quasi
1333 466 1516 506 iniuriam

100 524 227 562 facere
248 524 287 563 id
309 524 463 563 demum
484 529 584 562 esset
604 523 767 574 imperio
788 523 857 563 uti.
894 536 981 562 nam
1004 522 1098 575 quid
1116 535 1158 561 ea
1173 528 1400 570 memorem,
1419 536 1516 574 quae
1540 526 1589 563 13

101 579 177 618 nisi
199 580 254 619 eis
276 581 341 632 qui
361 580 490 619 videre
511 579 658 618 nemini
680 579 874 618 credibilia
897 585 1010 628 sunt,
1031 591 1051 618 a
1080 579 1238 630 privatis
1259 579 1516 630 conpluribus

102 635 313 675 subvorsos
340 636 505 684 montis,
533 635 653 674 maria
682 641 878 673 constrata
909 648 1006 675 esse.
1048 635 1191 687 quibus
1220 635 1314 673 mibi
1336 636 1517 674 videntur
1539 642 1559 674 2

36 698 73 731 10
101 691 268 730 ludibrio
291 693 410 731 fuisse
432 691 595 739 divitiae,
616 691 763 742 quippe
785 704 880 742 quas
900 692 1064 731 honeste
1079 691 1222 730 habere
1241 691 1392 738 licebat,
1409 692 1516 731 abuti
1689 734 1699 743 ,

99 760 173 800 per
193 748 475 799 turpitudinem
505 747 779 799 properabant.
821 748 888 786 sed
909 747 1041 786 lubido
1063 748 1189 803 stupri
1210 760 1355 798 ganeae
1377 748 1515 787 ceteri·
1539 755 1559 787 3
1581 723 1680 837 §Vl
1691 776 1709 790 η

100 816 178 855 que
209 804 335 843 cultus
365 816 445 843 non
474 804 604 842 minor
632 804 862 842 incesserat:
886 804 956 842 viri
976 817 1040 843 mu
1060 817 1094 843 ie
1124 805 1178 843 ria
1209 804 1311 855 pati,
1333 805 1516 844 mulieres
1577 838 1588 854 J

99 859 324 912 pudicitiam
354 861 393 899 in
423 860 630 912 propatulo
661 860 824 905 habere;
867 861 1047 899 vescendi
1077 873 1191 899 causa
1219 867 1319 899 terra
1341 861 1518 912 marique

101 916 230 955 omnia
260 916 482 967 exquirere,
514 917 683 955 dormire
704 917 814 967 prius
835 929 950 968 quam
971 918 1098 956 somni
1121 917 1262 968 cupido
1290 923 1411 963 esset,
1435 929 1515 956 non

34 979 72 1012 15
100 972 241 1011 famem
269 978 337 1011 aut
364 972 468 1011 sitim
497 985 624 1024 neque
656 973 780 1024 frigus
809 985 937 1024 neque
957 973 1226 1013 lassitudinem
1255 973 1428 1025 opperiri
1449 973 1517 1012 sed

101 1041 142 1068 ea
164 1029 293 1067 omnia
314 1029 407 1068 luxu
428 1034 669 1080 antecapere.
709 1030 805 1068 haec
826 1029 1078 1076 iuventutem,
1100 1030 1167 1068 ubi
1192 1030 1398 1069 familiares
1420 1041 1514 1081 opes
1537 1036 1559 1068 4

100 1084 340 1132 defecerant,
362 1085 408 1124 ad
430 1085 602 1124 facinora
622 1085 895 1125 incendebant.
935 1086 1087 1124 animus
1108 1085 1269 1124 inbutus
1288 1086 1398 1124 malis
1423 1086 1515 1125 arti-
1537 1093 1557 1124 5

99 1140 174 1179 bus
206 1141 307 1179 baud
335 1141 446 1180 facile
474 1141 717 1181 lubidinibus
747 1142 899 1181 carebat
909 1154 919 1189 ;
943 1154 987 1181 eo
1009 1142 1210 1194 profusius
1231 1142 1411 1181 omnibus
1431 1155 1516 1181 mo-

100 1196 159 1235 dis
182 1198 358 1248 quaestui
380 1203 495 1248 atque
515 1198 688 1249 sumptui
710 1198 860 1237 deditus
882 1203 975 1236 erat.

32 1258 73 1290 20
214 1252 256 1291 In
286 1258 389 1292 tanta
419 1258 574 1305 tamque
604 1259 795 1305 conrupta
825 1254 975 1293 civitate
1006 1253 1188 1301 Catilina,
1218 1254 1256 1293 id
1285 1255 1390 1306 quod
1411 1255 1514 1294 factu
1539 1257 1591 1294 14

99 1308 336 1348 facillumum
360 1315 460 1356 erat,
483 1310 657 1348 omnium
677 1310 911 1361 flagitiorum
928 1316 1042 1362 atque
1061 1311 1279 1349 facinorum
1304 1311 1452 1349 circum
1473 1323 1514 1350 se

98 1370 293 1416 tamquam
323 1366 554 1417 stipatorum
584 1373 753 1405 catervas
769 1366 944 1405 habebat.
981 1379 1070 1405 nam
1093 1366 1331 1417 quicumque
1355 1367 1514 1418 inpudi-
1536 1374 1556 1406 2

99 1433 168 1460 cus
198 1421 349 1460 adulter
377 1434 500 1471 ganeo
528 1434 646 1460 manu
675 1429 809 1461 ventre
842 1435 943 1472 pene
975 1422 1077 1461 bona
1112 1423 1235 1473 patria
1270 1424 1513 1471 laceraverat,

99 1478 245 1528 quique
267 1477 436 1516 alienum
456 1489 520 1516 aes
541 1478 685 1529 grande
707 1478 949 1524 conflaverat,
972 1490 1050 1528 quo
1070 1478 1258 1528 flagitium
1279 1485 1345 1517 aut
1364 1480 1515 1518 facinus

31 1539 71 1572 25
101 1533 320 1580 redimeret,
343 1539 543 1585 praeterea
564 1545 700 1573 omnes
721 1534 895 1585 undique
916 1534 1130 1585 parricidae
1151 1534 1328 1584 sacrilegi
1351 1535 1515 1574 convicti
1538 1543 1557 1574 3

98 1589 253 1629 iudiciis
273 1596 339 1629 aut
358 1602 430 1641 pro
452 1589 562 1629 factis
582 1590 769 1629 iudicium
792 1590 994 1637 timentes,
1017 1590 1062 1628 ad
1084 1591 1158 1629 hoc
1179 1603 1279 1641 quos
1299 1603 1437 1631 manus
1458 1598 1515 1631 at-

99 1657 175 1696 que
202 1646 335 1696 lingua
367 1646 540 1697 periurio
571 1652 637 1685 aut
657 1647 846 1697 sanguine
869 1646 968 1685 civili
989 1646 1126 1692 alebat,
1158 1654 1357 1698 postremo
1379 1660 1516 1688 omnes

99 1714 198 1753 quos
227 1702 414 1753 flagitium
445 1708 593 1752 egestas
623 1703 803 1741 conscius
833 1703 983 1742 animus
1013 1703 1246 1753 exagitabat,
1271 1704 1305 1743 ei
1332 1703 1518 1743 Catilinae

99 1759 280 1809 proxumi
311 1758 596 1810 familiaresque
625 1764 746 1797 erant.
787 1759 926 1809 quodsi
947 1758 1034 1810 quis
1056 1760 1169 1798 etiam
1190 1772 1210 1798 a
1232 1760 1346 1810 eulpa
1373 1772 1516 1800 vacuus
1538 1768 1560 1801 4

31 1818 72 1851 30
99 1815 140 1853 in
161 1815 366 1854 amicitiam
388 1815 470 1853 eius
492 1815 699 1860 inciderat,
722 1814 915 1853 cotidiano
938 1827 1012 1854 usu
1035 1822 1151 1865 atque
1171 1815 1379 1854 inlecebris
1404 1816 1517 1855 facile

99 1882 170 1920 par
199 1870 414 1921 similisque
446 1871 585 1909 ceteris
615 1870 863 1909 efficiebatur.
914 1871 983 1910 sed
1002 1884 1180 1910 maxume
1209 1871 1516 1912 adulescentium

99 1926 377 1964 familiaritates
397 1926 622 1977 adpetebat3
654 1939 789 1966 eorum
810 1927 927 1966 animi
946 1927 1085 1966 molles
1121 1934 1157 1966 et
1176 1928 1272 1967 fluxi
1292 1928 1390 1966 dolis
1414 1929 1515 1968 haud
1539 1936 1560 1968 5

193 2060 205 2089 1
235 2057 472 2090 exaedificatas
495 2058 565 2098 PC,
590 2060 696 2091 Prisc.
724 2059 743 2092 I.
769 2070 809 2101 0.,
842 2059 1035 2092 aedificatas
1062 2059 1112 2103 Cll
1133 2062 1152 2093 6
1184 2060 1329 2093 uictores
1362 2061 1517 2095 hostibus

100 2102 303 2144 reliquerant
320 2114 340 2134 z
357 2102 368 2145 Η
387 2103 524 2145 perinde
545 2114 569 2145 p
594 2106 631 2135 in
646 2106 818 2146 margine,
834 2116 853 2136 z
870 2104 882 2148 ΙΙ
902 2106 920 2137 8
938 2105 1043 2137 uideri
1061 2106 1114 2147 Pil
1133 2107 1153 2138 9
1171 2109 1340 2138 constrata
1359 2107 1422 2144 PC,
1440 2117 1519 2139 con-

100 2150 226 2180 structa
245 2147 279 2188 C,
305 2153 476 2180 contracta
492 2159 511 2179 z
528 2147 539 2191 l}
562 2150 601 2181 12
618 2149 680 2181 uiri
696 2161 726 2190 z,
752 2150 840 2182 uiros
857 2150 914 2182 PC
927 2149 938 2192 H
961 2152 1000 2183 19
1023 2155 1141 2192 quaest
1154 2164 1169 2179 *
1182 2151 1231 2183 tui
1246 2152 1277 2183 P
1291 2150 1304 2194 ῙΙ
1320 2153 1363 2184 20
1387 2152 1519 2184 intanta

99 2194 158 2233 (ecc
175 2192 280 2224 intam
297 2196 330 2224 te
348 2193 392 2232 Ρ)
412 2198 546 2235 tamque
558 2193 621 2234 PC,
636 2195 827 2235 Angustia.
843 2206 869 2227 c.
884 2195 916 2227 d.
930 2195 962 2235 3,
979 2195 1011 2236 2,
1027 2195 1062 2227 in
1079 2200 1172 2228 tanta
1188 2195 1304 2238 itaque
1321 2196 1389 2236 (vel
1403 2196 1518 2238 igitur)

99 2240 235 2279 tamque
251 2237 278 2269 C
291 2237 479 2270 deteriores
496 2238 506 2281 ξΙ
527 2239 568 2271 22
581 2238 769 2282 impudicus
786 2239 916 2272 adulter
929 2249 1038 2282 ganeo
1051 2249 1151 2272 manu
1163 2245 1280 2273 uentre
1294 2251 1380 2283 pene
1395 2241 1422 2273 C
1433 2243 1519 2279 (nisi

99 2282 194 2323 quod
216 2284 255 2314 in
277 2292 349 2314 non
373 2283 480 2314 nullis
503 2282 576 2315 alea
599 2284 749 2316 inlatum
774 2288 854 2316 ante
870 2295 971 2317 manu
995 2285 1050 2316 vel
1062 2288 1143 2327 post
1156 2295 1257 2318 manu
1280 2289 1315 2317 et
1333 2295 1439 2328 ganeo
1459 2297 1518 2319 εω-

95 2326 238 2369 pulsum
261 2330 338 2368 est),
372 2328 548 2370 inpudicus
573 2327 702 2361 adulter
726 2339 827 2362 manu
852 2333 970 2362 uentre
994 2331 1037 2367 P,
1068 2330 1130 2362 sed
1152 2340 1260 2372 ganeo
1285 2333 1323 2363 in
1345 2341 1459 2373 marg.
1486 2335 1522 2364 et

98 2381 185 2414 pene
208 2373 301 2404 inter
325 2383 442 2404 vet-sus
467 2372 547 2405 add.
563 2383 603 2415 p3
628 2383 727 2407 manu
752 2379 869 2407 uentre
894 2384 980 2416 pene
1004 2374 1036 2407 b.
1054 2385 1086 2417 p.
1104 2375 1310 2408 lacerauerat
1327 2376 1517 2417 Angustia.

99 2415 132 2448 d.
150 2416 234 2449 dial.
246 2427 285 2458 p.
304 2418 347 2450 13
371 2417 422 2450 ed.
442 2417 567 2450 crecel.
584 2418 721 2451 Fronto
737 2430 770 2461 p.
792 2419 866 2461 153,
890 2429 991 2452 manu
1015 2429 1102 2462 pene
1126 2420 1215 2453 bona
1239 2420 1368 2463 patriae
1392 2420 1519 2454 lacera-

98 2464 217 2493 uerant
236 2461 367 2494 Char-is.
393 2473 467 2494 ere.
488 2473 525 2504 p.
550 2463 643 2505 55311
663 2465 703 2496 32
733 2464 852 2497 molles
877 2469 911 2497 et
935 2464 1016 2496 fluxi
1040 2467 1167 2507 scripsi
1191 2468 1228 2497 in
1252 2465 1302 2497 ed.
1325 2476 1382 2507 pr.
1409 2466 1518 2505 (idem

96 2510 217 2547 postea
240 2508 421 2539 inventum
445 2509 481 2539 ιή
507 2507 579 2540 eod.
604 2506 722 2550 Rosa),
753 2509 874 2542 molles
903 2509 1004 2542 etiam
1029 2513 1063 2542 et
1087 2509 1167 2542 fluxi
1190 2511 1227 2543 P.
1260 2510 1380 2544 molles
1406 2515 1517 2544 aetate

99 2554 134 2583 et
159 2551 227 2591 (vel
249 2554 284 2584 et
307 2556 431 2593 aetate)
457 2552 537 2585 ssuxi
563 2552 589 2585 C
612 2554 666 2591 (in
691 2555 816 2595 quibus
840 2558 950 2587 aetate
976 2565 1020 2586 eac
1044 2565 1091 2588 vs.
1109 2566 1175 2597 seq.
1192 2558 1357 2598 petitum)
