1709 2885
15 736 74 772 ‘10

17 999 70 1051 x‘³15

30 1299 70 1332 20

23 1574 66 1614 ‘25

561 123 615 156 DE
639 121 773 156 BELLO
797 118 1059 154 lUGURTHlNO
1466 119 1517 160 89

106 228 307 268 scientiam
327 228 497 267 duceret.
539 239 627 266 nam
649 239 708 266 me
731 227 886 278 quidem
907 238 950 265 ex
971 225 1088 265 animi
1109 226 1184 265 mei
1205 226 1396 266 sententia
1413 226 1517 265 nulla
1539 234 1575 264 27

106 285 227 324 oratio
244 284 394 324 laedere
410 289 548 336 potest.
572 282 718 334 quippe
730 295 815 322 vera
827 294 987 322 necesse
999 281 1167 321 estbene
1177 282 1413 334 praedicent,
1422 282 1517 322 falsa

104 340 180 381 vita
198 353 405 391 moresque
426 340 501 379 mei
521 344 719 390 superant.
760 338 826 378 sed
848 338 1030 389 quoniam
1056 344 1182 377 vostra
1212 338 1373 377 consilia
1402 350 1516 378 accu-
1540 345 1576 379 28

106 403 254 445 santur,
275 397 342 448 qui
358 396 449 435 mihi
473 407 666 436 summum
687 395 877 434 honorem
899 401 936 433 et
949 406 1171 434 maxumum
1189 394 1387 445 negotium
1403 395 1516 446 inpo—

105 453 249 501 suistis,
271 453 383 492 etiam
404 458 517 503 atque
540 452 651 490 etiam
672 456 861 501 reputate,
883 463 977 490 num
999 462 1134 489 eorum
1156 450 1432 502 paenitendum
1455 452 1515 490 sit.

105 522 185 548 non
202 521 362 560 possum
384 509 472 548 fidei
487 520 601 548 causa
615 507 802 558 imagines
818 519 947 558 neque
969 506 1188 558 triumphos
1206 512 1271 546 aut
1290 507 1515 547 consulatus
1537 513 1577 546 29

104 565 295 604 maiorum
316 577 492 604 meorum
514 569 721 610 ostentare,
743 568 792 610 at,
814 563 844 601 si
867 576 929 603 res
958 563 1148 614 postulet,
1178 564 1305 602 hastas
1334 563 1514 603 vexillum

104 621 282 673 phaleras
302 621 375 660 alia
396 621 572 660 militaria
593 621 706 666 dona,
729 625 926 670 praeterea
943 619 1140 658 cicatrices
1157 619 1318 658 advorso
1337 632 1512 672 corpore.

103 678 174 717 hae
196 683 287 716 sunt
308 691 414 717 meae
430 677 628 728 imagines,
651 677 745 714 haec
767 676 958 723 nobilitas,
982 688 1061 715 non
1081 675 1293 715 hereditate
1309 676 1454 725 relicta,
1473 683 1516 716 ut
1538 683 1577 715 30

104 733 167 772 illa
189 733 276 781 illis,
299 734 366 772 sed
388 746 485 785 quae
506 745 576 783 ego
598 732 693 771 meis
714 731 906 783 plurumis
928 732 1126 770 laboribus
1143 739 1180 770 et
1195 732 1380 783 periculis
1397 745 1514 784 quae-

103 790 184 828 sivi.
234 802 312 828 non
348 796 439 828 sunt
473 789 674 840 conposita
709 788 822 827 verba
859 800 963 827 mea:
1002 788 1106 839 parvi
1136 788 1174 826 id
1202 788 1314 827 facio.
1356 790 1439 840 ipsa
1474 802 1513 828 se
1538 795 1573 826 31

102 845 225 884 virtus
246 846 337 885 satis
359 845 538 884 ostendit.
580 845 654 883 illis
676 844 837 883 artificio
860 857 959 895 opus
982 851 1058 891 est,
1080 850 1123 883 ut
1143 845 1271 896 turpia
1300 845 1397 884 facta
1428 857 1513 885 ora—

99 901 206 941 tione
227 908 370 952 tegant.
410 914 538 952 neque
559 901 705 940 litteras
727 901 891 940 Graecas
916 900 1050 939 didici:
1081 913 1217 951 parum
1250 901 1423 952 placebat
1451 914 1514 941 eas
1537 907 1576 939 32

100 958 260 1005 discere,
283 958 428 1010 quippe
449 970 547 1009 quae
567 958 613 997 ad
633 958 812 996 virtutem
834 957 1057 996 doctoribus
1079 957 1175 995 nihil
1196 958 1438 1008 profuerant.
1479 965 1516 997 at

100 1013 164 1053 illa
184 1014 305 1053 multo
328 1020 484 1065 optuma
505 1013 561 1053 rei
582 1013 760 1065 publicae
781 1013 916 1052 doctus
939 1025 1023 1051 sum
1046 1013 1195 1052 hostem
1215 1014 1345 1062 ferire,
1368 1015 1512 1066 praesi-
1537 1019 1575 1052 33

102 1069 208 1109 dium
223 1070 380 1121 agitare,
403 1070 498 1109 nihil
519 1076 692 1109 metuere
715 1069 788 1108 nisi
808 1076 962 1121 turpem
977 1069 1128 1117 famam,
1151 1070 1318 1109 hiemem
1340 1077 1378 1110 et
1392 1077 1513 1111 aesta-

100 1131 178 1165 tem
199 1126 302 1166 iuxta
323 1127 415 1178 pati,
435 1127 544 1165 humi
565 1127 821 1178 requiescere,
844 1126 978 1164 eodem
1000 1131 1175 1177 tempore
1200 1126 1371 1178 inopiam
1394 1133 1432 1166 et
1459 1127 1512 1166 la-

99 1181 234 1221 borem
255 1183 431 1226 tolerare.
473 1183 532 1221 his
555 1195 624 1233 ego
647 1182 865 1234 praeceptis
885 1182 1026 1222 milites
1055 1182 1240 1221 hortabor
1270 1196 1398 1234 neque
1428 1183 1512 1222 illos
1537 1188 1576 1219 34

100 1245 181 1278 arte
203 1239 338 1285 colam,
359 1252 420 1278 me
442 1240 658 1290 opulenter,
680 1251 808 1289 neque
830 1238 992 1288 gloriam
1012 1251 1136 1277 meam
1157 1238 1327 1278 lahorem
1358 1239 1511 1279 illorum

99 1294 248 1333 faciam.
285 1296 358 1334 hoc
375 1301 433 1334 est
449 1295 553 1343 utile,
571 1295 645 1334 hoc
661 1294 770 1334 civile
787 1295 1007 1346 imperium.
1049 1307 1218 1346 namque
1237 1307 1325 1334 cum
1344 1302 1426 1335 tute
1443 1309 1514 1348 per
1537 1300 1575 1332 35

98 1351 295 1390 mollitiam
318 1363 418 1402 agaS‚
443 1351 653 1390 exercitum
674 1351 866 1402 supplicio
889 1363 1039 1401 cogere,
1062 1351 1100 1390 id
1122 1357 1177 1389 est
1203 1351 1405 1392 dominum
1434 1364 1511 1391 non

98 1406 372 1458 imperatorem
393 1420 490 1447 esse.
531 1408 626 1446 haec
646 1413 761 1458 atque
783 1407 869 1446 talia
897 1407 1064 1446 maiores
1092 1407 1210 1446 vostri
1241 1408 1423 1447 faciundo
1453 1421 1514 1448 se·
1537 1411 1576 1444 36

98 1475 175 1513 que
195 1476 356 1515 remque
377 1463 570 1515 publicam
593 1464 844 1503 celebravere.
887 1464 974 1514 quis
995 1463 1175 1502 nobilitas
1195 1464 1306 1512 freta,
1332 1464 1414 1516 ipsa
1435 1464 1513 1503 dis·
1538 1468 1575 1500 37

98 1517 235 1559 similis
256 1519 451 1566 moribus,
475 1532 546 1558 nos
562 1520 717 1558 illorum
739 1519 911 1558 aemulos
934 1520 1160 1567 contemnit,
1183 1526 1221 1558 et
1241 1522 1367 1559 omnis
1389 1521 1513 1559 hono-

96 1587 160 1614 res
181 1588 260 1614 non
285 1589 329 1615 ex
349 1576 501 1623 merito,
522 1576 590 1615 sed
607 1576 715 1627 quasi
734 1575 883 1614 debitos
899 1588 919 1614 a
934 1574 1043 1614 vobis
1061 1575 1213 1626 repetit.
1255 1582 1426 1616 ceterum
1444 1577 1514 1616 ho·
1539 1579 1576 1612 38

27 1670 29 1672 .
95 1631 220 1671 mines
241 1632 524 1683 superbissumi
544 1632 683 1684 procul
710 1636 853 1671 errant.
894 1631 1060 1670 maiores
1090 1643 1226 1670 eorum
1256 1633 1385 1672 omnia
1417 1646 1514 1684 quae

95 1687 234 1728 licebat
251 1688 325 1727 illis
342 1689 547 1739 reliquere,
571 1688 718 1727 divitias
735 1688 922 1738 imagines
939 1689 1164 1727 memoriam
1182 1688 1242 1726 sui
1263 1690 1512 1740 praeclaram,

93 1743 272 1783 virtutem
310 1758 390 1784 non
424 1745 637 1796 reliquere,
668 1756 797 1794 neque
825 1749 1027 1794 poterant:
1060 1757 1102 1782 ea
1133 1744 1214 1783 sola
1245 1757 1374 1796 neque
1404 1746 1514 1785 datur

94 1800 197 1839 dono
227 1813 355 1852 neque
385 1801 586 1852 accipitur.
626 1799 824 1838 sordidum
853 1812 914 1838 me
944 1805 982 1838 et
1009 1799 1167 1838 incultis
1196 1801 1371 1840 moribus
1392 1801 1513 1848 aiunt,
1537 1804 1575 1836 39

94 1856 183 1907 quia
199 1869 336 1907 parum
353 1858 448 1896 scite
465 1857 682 1895 convivium
699 1867 846 1895 exorno
865 1868 993 1906 neque
1009 1856 1240 1895 histrionem
1252 1857 1374 1896 ullum
1386 1870 1513 1908 neque

93 1911 219 1963 pluris
258 1914 358 1963 preti
400 1925 536 1951 cocum
580 1924 694 1963 quam
734 1911 887 1951 vilicum
928 1911 1064 1950 habeo.
1126 1925 1225 1964 quae
1274 1913 1366 1952 mihi
1407 1913 1514 1953 lubet.

93 1968 291 2016 confiteri,
329 1968 511 2014 Quirites.
568 1980 655 2007 nam
692 1980 738 2007 ex
773 1974 933 2019 parente
967 1980 1053 2007 meo
1088 1974 1125 2007 et
1160 1981 1203 2007 ex
1245 1969 1329 2008 aliis
1369 1970 1513 2009 sanctis
1536 1971 1576 2004 40

92 2024 183 2062 viris
228 2025 279 2064 ita
322 2024 474 2075 accepi:
521 2024 728 2063 munditias
772 2023 1023 2072 mulieribus,
1068 2024 1239 2064 laborem
1281 2026 1372 2064 viris
1417 2038 1511 2066 con—

92 2080 237 2127 venire,
260 2080 520 2131 omnibusque
542 2080 656 2120 bonis
678 2086 858 2132 oportere
880 2080 968 2132 plus
990 2080 1135 2131 gloriae
1156 2093 1271 2132 quam
1292 2082 1510 2122 divitiarum

183 2171 195 2201 1
221 2168 287 2200 mei
304 2167 402 2209 PVC,
428 2178 492 2201 om.
514 2168 564 2211 CH
585 2170 603 2202 2
628 2168 822 2212 praedicent
845 2168 942 2210 PVC,
967 2169 1138 2212 praedicet
1157 2169 1208 2213 Cn
1228 2170 1312 2204 salsa
1329 2170 1427 2212 PVC,
1453 2170 1514 2204 sal-

23 2201 25 2203 ·
90 2223 160 2246 sam
179 2212 201 2245 C
221 2211 233 2256 Η
250 2215 268 2246 3
292 2216 450 2255 superent
479 2224 523 2245 eoe
551 2218 710 2256 superant
726 2213 780 2258 ΡΗ
800 2216 818 2247 5
845 2223 1056 2247 numerorum
1074 2214 1110 2247 V
1124 2213 1135 2257 l}
1153 2216 1172 2248 8
1190 2225 1329 2258 corpore
1347 2215 1411 2257 PC,
1436 2226 1513 2259 pec-

90 2262 161 2291 tore
179 2258 244 2300 Vp,
263 2269 308 2290 em
327 2258 353 2290 C
366 2269 458 2290 unus
474 2257 486 2301 ΙΙ
505 2260 524 2291 9
544 2259 623 2300 non]
643 2269 684 2291 ne
702 2260 731 2291 P
746 2257 757 2302 Η
780 2261 816 2292 10
835 2268 897 2301 ego
915 2259 998 2292 meis
1015 2258 1079 2299 PC,
1098 2263 1231 2301 egomet
1245 2260 1343 2302 pVC,
1362 2271 1511 2303 quorum

88 2313 180 2335 unus
197 2306 330 2345 egomet
347 2303 430 2335 meis
446 2303 458 2346 ΙΙ
481 2305 517 2336 11
537 2303 631 2346 parui
646 2304 710 2345 Vp,
728 2303 866 2336 Nonius
878 2303 1001 2346 p.260,
1016 2314 1132 2346 parum
1148 2304 1204 2338 PC
1219 2307 1281 2344 (ex
1299 2317 1344 2338 vs.
1363 2306 1443 2344 13).·
1467 2306 1510 2345 cf.

88 2347 290 2390 Madvigius
314 2350 351 2380 in
379 2347 447 2380 Cic.
474 2348 516 2380 de
537 2348 599 2388 fin.
618 2359 655 2391 p.
671 2349 734 2382 781
754 2349 765 2390 ll
785 2350 824 2382 14
849 2348 1045 2391 profuerant
1070 2349 1132 2390 PC,
1157 2349 1353 2392 prosuerunt
1380 2350 1449 2392 VC,
1473 2353 1510 2383 in

87 2403 200 2434 marg.
214 2403 236 2434 p
256 2392 268 2436 ΙΙ
288 2394 326 2426 15
344 2392 510 2436 praesidia
527 2391 590 2433 PG,
615 2393 817 2436 praesidium
836 2394 878 2435 V,
894 2394 987 2426 idem
1009 2393 1092 2425 olim
1105 2405 1130 2436 p
1148 2397 1185 2427 in
1202 2405 1314 2438 mewg.
1332 2398 1511 2438 scripsisse

89 2439 262 2480 (superest
287 2441 327 2481 ρ)
353 2438 489 2470 indicat
508 2441 677 2480 punctum
700 2448 805 2481 super
832 2449 851 2472 a
875 2442 964 2471 eat-[1².
989 2440 1123 2480 pictum
1139 2439 1150 2482 ΙΙ
1176 2442 1211 2473 18
1238 2450 1300 2483 ego
1328 2439 1405 2482 VC,
1431 2450 1509 2483 ergo

88 2482 169 2525 Pon
189 2483 232 2515 20
256 2492 400 2526 namque
428 2482 493 2523 PC,
519 2492 595 2515 nam
613 2482 671 2526 Vn
691 2484 731 2516 21
758 2483 934 2517 mollitiam
960 2482 1036 2525 VC,
1062 2485 1237 2518 mollitiem
1261 2484 1404 2526 P01122
1431 2485 1509 2519 talia

91 2525 133 2567 0,
164 2527 228 2560 alia
251 2527 427 2571 PV01127
454 2527 641 2570 relinquere
663 2526 721 2572 ΡΗ
738 2530 780 2561 29
804 2528 941 2562 incultis
965 2527 1029 2569 PC,
1061 2528 1224 2564 incultum
1253 2529 1315 2563 VC
1331 2528 1342 2573 ΙΙ
1359 2531 1398 2564 31
1427 2530 1509 2564 libet

87 2571 169 2605 mihi
195 2571 232 2605 V
244 2570 256 2615 Η
272 2574 314 2606 33
338 2572 489 2605 laborem
513 2571 595 2605 uiris
619 2571 682 2613 PC,
706 2573 788 2606 uiris
812 2573 960 2607 laborem
986 2572 1023 2606 V
1021 2572 1048 2605 C
1063 2573 1075 2616 ll
1092 2575 1134 2608 34
1159 2576 1381 2617 omnibusque
1410 2575 1508 2610 bonis

90 2615 158 2658 Vc,
184 2626 248 2660 que
272 2616 370 2650 bonis
395 2628 459 2650 om.
486 2618 521 2654 P,
545 2616 644 2650 bonis
669 2628 735 2650 om.
763 2617 790 2650 C
