1709 2885
171 63 223 105 82
348 66 357 74 “
670 69 702 103 e.
722 68 927 103 SALLUS'rl
951 69 1086 103 ctusm

126 177 146 209 3
169 183 241 222 pro
263 177 439 222 tempore
469 172 592 222 parati
619 172 902 223 instructique,
933 173 1021 212 dein
1050 173 1242 225 proelium
1275 174 1471 225 incipitur.
1513 188 1589 227 qua

169 227 206 266 in
231 234 338 278 parte
362 239 427 266 rex
448 239 602 279 pugnae
623 228 763 273 adfuit,
786 228 836 267 ibi
867 228 1101 281 aliquamdiu
1124 236 1331 275 certatum,
1363 232 1481 271 ceteri
1505 232 1588 272 eius

168 295 305 322 omnes
325 283 465 323 milites
486 284 612 336 primo
643 296 855 335 congressu
887 285 988 336 pulsi
1018 286 1230 337 fugatique.
1270 286 1433 326 Romani
1455 287 1588 339 signo-

168 351 254 378 rum
285 345 323 379 et
352 352 548 380 armorum
577 340 773 392 aliquanto
804 353 988 388 numero,
1016 341 1187 381 hostium
1218 354 1434 394 paucorum
1456 344 1586 395 potiti:

169 408 258 435 nam
280 396 401 436 ferme
423 396 599 436 Numidis
622 398 659 436 in
683 397 864 437 omnibus
885 398 1044 449 proeliis
1065 399 1187 450 magis
1209 399 1326 450 pedes
1348 411 1462 450 quam
1484 412 1586 440 arma
1617 407 1638 438 5

168 458 247 492 tuta
270 458 374 491 sunt.

101 511 146 546 75
282 508 334 547 Ea
358 509 446 559 suga
467 509 651 561 Iugurtha
685 509 889 560 inpensius
913 510 1026 549 modo
1058 511 1174 550 rebus
1197 510 1278 549 suis
1299 511 1476 551 diffidens
1498 524 1586 551 cum

171 565 346 616 perfugis
368 571 405 604 et
425 572 534 616 parte
556 566 750 617 equitatus
772 566 811 604 in
833 567 1083 616 solitudines,
1106 567 1193 605 dein
1217 567 1375 606 Thalam
1397 568 1586 620 pervenit,

169 621 208 660 in
231 621 418 672 oppidum
440 634 623 674 magnum
645 630 762 673 atque
791 622 1020 673 opulentum
1035 655 1044 671 ‚
1067 623 1131 662 ubi
1154 623 1330 674 plerique
1352 624 1520 664 thesauri
1543 625 1586 664 fi-

125 683 143 714 2
169 676 389 728 liorumque
419 678 502 717 eius
541 678 688 717 multus
717 679 904 730 pueritiae
943 680 1070 719 cultus
1101 687 1193 718 crat.
1252 692 1350 730 quae
1379 687 1585 732 postquam
1617 687 1656 720 to

166 733 318 773 Metello
341 740 526 785 conperta
549 742 662 782 sunt,
685 747 915 786 quamquam
938 736 1040 774 inter
1068 736 1225 775 Thalam
1247 736 1473 787 numenque
1494 748 1588 788 pro-

163 801 323 829 xumum
355 791 394 829 in
424 791 549 842 spatio
585 791 735 830 milium
772 791 1053 843 quinquaginta
1089 792 1170 831 loca
1209 792 1312 831 arida
1342 799 1457 843 atque
1486 799 1587 832 vasta

163 859 248 886 esse
270 854 522 897 cognoverat,
545 853 672 886 tamen
694 860 763 900 spe
783 848 958 899 patrandi
993 848 1104 896 helli,
1128 849 1159 887 si
1182 848 1264 887 eius
1286 849 1419 900 oppidi
1439 849 1586 900 potitus

161 903 282 950 foret,
308 903 435 942 omnis
465 905 693 955 asperitates
724 905 982 956 supervadere
1010 917 1055 944 ac
1086 911 1262 944 naturam
1294 905 1406 944 etiam
1429 905 1584 944 vincere

119 965 139 997 3
161 959 397 1010 aggreditur.
439 960 559 1011 igitur
580 960 708 1000 omnia
739 962 911 1001 iumenta
939 961 1101 1000 sarcinis
1131 962 1246 1001 levari
1277 961 1384 1000 iubet
1405 962 1477 1000 uisi
1501 961 1583 1001 fru-
1615 969 1653 1000 15

160 1022 294 1055 mento
316 1015 466 1056 dierum
497 1016 651 1065 decem,
683 1023 855 1056 ceterum
885 1017 983 1056 utris
1012 1018 1126 1056 modo
1149 1024 1185 1057 et
1205 1018 1276 1056 alia
1305 1030 1425 1068 aquae
1447 1018 1584 1057 idonea

118 1079 135 1108 Δι
160 1071 321 1124 portari.
385 1079 584 1123 praeterea
615 1074 814 1124 conquirit
844 1086 888 1113 ex
919 1073 1021 1124 agris
1050 1086 1164 1124 quam
1196 1074 1422 1124 plurumum
1458 1081 1588 1125 potest

161 1128 295 1168 domiti
317 1130 484 1179 pecoris.
527 1141 572 1168 eo
595 1130 749 1182 inponit
771 1142 858 1169 vasa
888 1131 1078 1180 cuiusque
1099 1130 1224 1178 modi,
1246 1130 1313 1177 sed
1335 1129 1519 1181 pleraque
1540 1130 1586 1169 li-

117 1191 136 1222 5
161 1197 272 1236 gnea,
290 1185 462 1225 conlecta
487 1199 530 1224 ex
553 1187 720 1236 tuguriis
735 1185 1002 1225 Numidarum.
1043 1186 1088 1225 ad
1109 1186 1184 1224 hoc
1201 1185 1389 1225 finitumis
1410 1186 1585 1238 imperat,

160 1241 226 1292 qui
249 1254 290 1280 se
310 1249 396 1292 post
421 1243 523 1292 regis
546 1243 675 1293 sugam
695 1242 849 1281 Metello
871 1242 1068 1289 dederant,
1092 1254 1206 1294 quam
1229 1242 1454 1293 plurumum
1476 1242 1583 1293 quis·
1612 1248 1655 1281 20

159 1309 236 1348 que
256 1310 378 1348 aquae
407 1304 592 1349 portaret.
635 1298 734 1338 diem
766 1299 995 1351 locumque,
1025 1299 1089 1338 ubi
1113 1306 1266 1350 praesto
1288 1299 1452 1345 fuerint,
1471 1311 1583 1350 prae-

115 1360 134 1391 6
158 1353 271 1400 dicit,
295 1354 378 1405 ipse
400 1367 444 1393 ex
465 1354 648 1401 flumine,
681 1367 795 1406 quam
828 1367 1054 1406 proxumam
1086 1355 1229 1407 oppido
1251 1367 1388 1406 aquam
1411 1367 1495 1394 esse
1515 1367 1582 1395 su-

157 1422 226 1461 pra
262 1410 448 1457 diximus,
485 1411 656 1450 iumenta
687 1417 842 1450 onerat:
880 1424 925 1451 eo
961 1413 1076 1450 modo
1106 1412 1320 1451 instructus
1355 1411 1400 1450 ad
1422 1411 1580 1450 Thalam

115 1473 133 1503 ‘a'
157 1466 430 1518 proficiscitur.
472 1467 610 1506 deinde
640 1467 705 1506 ubi
727 1469 772 1506 ad
804 1467 842 1506 id
873 1468 948 1507 loci
970 1474 1147 1516 ventum,
1171 1480 1248 1519 quo
1270 1467 1447 1507 Numidis
1467 1480 1580 1519 prae-

158 1528 336 1574 ceperat,
359 1528 397 1562 et
427 1529 549 1561 castra
585 1524 709 1574 posita
743 1524 971 1575 munitaque
1007 1531 1120 1571 sunt,
1151 1530 1254 1563 tanta
1290 1530 1451 1576 repente
1473 1524 1578 1563 caelo
1601 1529 1647 1562 25

157 1579 275 1618 missa
295 1579 351 1617 vis
371 1591 493 1630 aquae
509 1579 663 1627 dicitur,
686 1586 728 1618 ut
744 1593 787 1619 ea
808 1580 922 1619 modo
941 1580 1126 1619 exercitui
1143 1581 1234 1619 satis
1251 1593 1447 1632 superque
1466 1581 1578 1620 soret.

114 1641 134 1674 8
158 1641 357 1687 praeterea
378 1642 604 1675 conmeatus
625 1648 694 1687 spe
716 1637 901 1687 amplior,
925 1636 1014 1687 quia
1035 1635 1242 1682 Numidae,
1265 1637 1380 1675 sicuti
1401 1636 1579 1688 plerique

114 1698 133 1730 9
157 1692 198 1731 in
222 1704 318 1731 nova
339 1691 557 1739 deditione,
578 1692 702 1731 officia
725 1692 984 1731 intenderant.
1034 1700 1204 1732 ceterum
1228 1693 1369 1732 milites
1390 1692 1579 1744 religione

155 1748 284 1800 pluvia
304 1748 426 1798 magis
447 1748 527 1794 usi,
551 1760 672 1799 eaque
701 1761 764 1787 res
784 1749 950 1787 multum
978 1748 1117 1787 animis
1137 1761 1271 1788 eorum
1293 1749 1449 1788 addidit.
1489 1762 1577 1788 nam

156 1804 230 1844 rati
251 1816 336 1843 sese
358 1804 416 1843 dis
444 1804 716 1844 inmortalibus
739 1817 854 1844 curae
883 1817 981 1844 esse.
1022 1805 1160 1844 deinde
1182 1813 1338 1856 postero
1360 1806 1420 1845 die
1442 1812 1577 1844 contra
1606 1811 1648 1844 30

96 1868 134 1900 10
157 1861 385 1913 opinionem
414 1860 624 1911 Iugurthae
651 1861 697 1900 ad
727 1861 885 1900 Thalam
917 1862 1162 1913 perveniunt.
1211 1861 1417 1912 oppidani,
1447 1862 1576 1913 quise

154 1917 333 1956 locorum
354 1918 561 1968 asperitate
583 1918 754 1956 munitos
780 1918 1036 1965 crediderant,
1065 1930 1204 1969 magna
1225 1924 1339 1968 atque
1361 1917 1514 1957 insolita
1536 1931 1577 1957 re

85 1976 130 2012 ’26
154 1973 347 2026 perculsi,
386 1973 508 2012 nihilo
544 1974 703 2024 segnius
724 1973 866 2013 bellum
904 1986 1039 2025 parare
1060 1974 1160 2013 idem
1184 1975 1306 2013 nostri
1329 1975 1468 2014 faeere.
1509 1975 1576 2013 sed

154 2042 221 2069 rex
245 2029 340 2069 nihil
361 2029 435 2068 iam
457 2030 644 2069 infectum
666 2029 819 2069 Metello
842 2031 1019 2078 credens,
1042 2031 1189 2082 quippe
1211 2030 1278 2081 qui
1300 2030 1449 2077 omnia,
1470 2042 1573 2069 arma

153 2087 228 2126 tela
248 2086 356 2125 locos
377 2091 573 2137 tempora,
596 2086 764 2137 denique
787 2093 962 2125 naturam
983 2087 1105 2138 ipsam
1128 2087 1268 2126 ceteris
1290 2086 1573 2138 imperitantem
1603 2093 1643 2124 35

153 2142 344 2182 industria
365 2142 521 2190 vicerat,
544 2154 632 2181 cum
656 2142 788 2181 liberis
810 2149 848 2182 et
869 2155 1005 2194 magna
1028 2149 1136 2195 parte
1151 2143 1339 2194 pecuniae
1361 2155 1406 2181 ex
1428 2142 1572 2194 oppido

154 2205 273 2238 noctu
295 2199 489 2251 profugit,
520 2211 648 2250 neque
677 2204 811 2250 postea
841 2200 880 2239 in
903 2199 982 2238 ullo
1012 2200 1098 2238 loco
1128 2199 1293 2251 amplius
1323 2211 1403 2237 uno
1426 2198 1487 2238 die
1508 2205 1573 2237 aut

244 2324 264 2354 4
290 2325 322 2354 et
345 2324 424 2363 post
447 2330 613 2353 armorum
639 2323 769 2352 iterant
791 2320 848 2353 PC
861 2321 871 2362 l}
891 2325 910 2355 5
939 2321 1081 2353 numidis
1106 2321 1178 2361 PC,
1204 2319 1355 2353 numidas
1383 2319 1473 2363 0116
1499 2324 1571 2353 tuta

154 2370 233 2399 sunt
245 2365 307 2407 PC,
323 2369 430 2398 tutata
444 2370 522 2398 sunt
536 2366 591 2397 vel
601 2370 748 2398 tutarunt
767 2364 793 2397 C
809 2365 820 2407 ΙΙ
837 2367 856 2397 9
871 2366 1030 2408 epulentsi
1043 2380 1058 2395 ι
1071 2367 1116 2399 ibi
1131 2376 1217 2409 quee
1232 2365 1438 2408 (opulentum
1454 2365 1473 2396 ii
1485 2375 1571 2408 qnae

153 2422 225 2444 non
242 2410 403 2453 epulentt‘i
424 2411 547 2453 ubique
571 2410 680 2449 fuisse
697 2411 848 2449 videtur)
866 2412 900 2451 P,
927 2411 982 2443 ubi
1003 2412 1056 2442 mel
1071 2412 1184 2453 ibique
1203 2410 1384 2452 Cpraeter
1401 2420 1508 2442 mmm
1532 2412 1570 2442 in

154 2467 222 2498 quo
241 2456 363 2498 ubique
383 2455 395 2499 ΙΙ
417 2458 450 2488 11
471 2461 641 2498 comperta
658 2467 703 2488 ea:
719 2455 893 2498 conposita
912 2457 942 2488 Ι)
953 2456 964 2498 21*
989 2458 1024 2489 18
1044 2466 1084 2489 eo
1099 2455 1162 2497 PC,
1188 2465 1294 2497 eoque
1315 2454 1341 2487 C
1357 2454 1369 2498 ll
1391 2457 1428 2488 19
1443 2455 1570 2498 tuguris

155 2501 206 2543 Pu
227 2503 266 2534 21
295 2500 417 2533 fuerint
444 2499 478 2542 C,
504 2500 602 2533 suerit
631 2501 695 2542 PC,
719 2500 827 2533 forent
857 2500 951 2532 Kritz
979 2501 990 2542 11
1017 2503 1058 2534 22
1084 2510 1183 2543 supra
1209 2510 1273 2533 om.
1291 2501 1320 2532 P
1342 2499 1354 2542 ΙΙ
1379 2502 1420 2533 24
1445 2510 1510 2543 quo
1535 2499 1569 2537 C,

156 2546 246 2588 quod
271 2545 326 2578 PC
340 2545 351 2587 Η
372 2547 412 2579 32
437 2546 619 2588 asperitate
644 2547 679 2581 Ρ,
705 2546 883 2588 aspiretate
905 2557 929 2587 p
947 2545 958 2589 ΙΙ
979 2548 1019 2579 33
1045 2545 1204 2578 innichilo
1230 2545 1358 2587 signius
1383 2546 1413 2577 P
