1709 2885
44 717 80 749 lo

44 998 79 1029 15

38 1277 78 1310 20

37 1558 75 1590 25

35 1838 76 1870 30

567 103 620 136 DE
646 103 778 136 BELLO
802 103 1064 137 IUGURTHINO
1468 100 1520 138 65

115 219 184 258 per
205 206 330 245 socios
359 219 402 245 ac
431 218 573 245 nomen
595 206 786 251 Latinum,
817 206 1010 245 interdum
1040 217 1110 256 per
1139 205 1290 256 equites
1311 205 1519 253 Romanos,

114 275 210 314 quos
232 275 322 314 spes
353 262 545 302 societatis
565 275 585 300 a
616 262 728 313 plebe
750 262 979 309 dimoverat,
1011 261 1272 301 Gracchorum
1302 261 1520 300 actionibus

113 319 260 357 obviam
281 318 389 365 ierat,
412 325 449 357 et
469 319 595 369 primo
617 318 828 365 Tiberium,
859 318 947 357 dein
968 330 1113 369 paucos
1133 323 1222 369 post
1241 330 1366 356 annos
1387 318 1519 356 eadem

111 374 392 425 ingredientem
410 375 557 420 Gaium,
579 374 778 413 tribunum
795 375 957 413 alterum
974 374 1135 413 alterum
1153 374 1394 412 triumvirum
1413 374 1518 412 eolo—

111 430 186 470 niis
206 430 458 477 deducundis,
482 443 568 469 cum
597 430 646 469 M.
669 430 802 469 Fulvio
823 431 960 469 Flacco
989 431 1093 469 ferro
1115 435 1327 469 necaverat.
1369 436 1405 468 et
1426 442 1517 469 sane
1543 434 1560 464 2

112 486 293 526 Gracchis
311 487 494 538 cupidine
508 486 688 525 victoriae
704 487 805 525 haud
822 487 912 526 satis
933 487 1152 526 moderatus
1168 486 1319 525 animus
1333 486 1418 524 fuit.
1451 486 1519 525 sed
1543 490 1561 522 3

111 543 213 581 bono
235 543 334 582 vinci
357 544 476 582 satius
498 549 554 582 est
583 555 696 593 quam
726 543 824 580 malo
846 555 954 582 more
975 542 1155 582 iniuriam
1184 542 1350 581 vincere.
1402 542 1520 592 igitur
1542 546 1561 577 4

111 611 154 637 ea
181 599 338 637 victoria
368 599 548 638 nobilitas
579 611 623 637 ex
653 598 824 637 lubidine
853 611 921 638 sua
953 612 1021 639 usa
1042 598 1184 637 multos
1212 597 1384 637 mortalis
1414 598 1518 638 ferro

111 661 175 693 aut
197 656 286 705 fuga
308 656 470 695 extinxit
489 656 655 706 plusque
676 654 716 693 in
738 655 901 693 relicum
922 655 995 695 sihi
1016 655 1165 694 timoris
1188 667 1303 706 quam
1323 655 1519 705 potentiae

109 711 263 750 addidit.
296 724 393 762 quae
413 724 476 750 res
497 712 727 762 plerumque
747 723 905 761 magnas
927 711 1089 751 civitatis
1109 723 1267 762 pessum
1290 711 1405 756 dedit,
1427 711 1519 750 dum

107 768 216 806 alteri
236 767 377 806 alteros
406 767 560 806 vincere
590 766 724 817 quovis
748 767 862 805 modo
885 773 922 806 et
951 769 1070 807 victos
1091 767 1267 806 acerbius
1287 766 1422 805 ulcisci
1451 779 1519 805 vo-

107 824 204 862 lunt.
245 824 311 862 sed
332 823 378 861 de
398 823 534 861 studiis
554 823 721 873 partium
744 830 781 862 et
801 824 926 863 omnis
948 824 1112 864 civitatis
1132 823 1307 863 moribus
1329 823 1361 861 si
1383 822 1518 873 singil-
1542 828 1562 860 5

107 879 212 918 latim
233 885 297 918 aut
328 891 399 929 pro
429 879 694 930 magnitudine
734 892 866 930 parem
895 880 1098 927 disserere,
1129 887 1282 931 tempus
1312 892 1426 930 quam
1457 891 1518 918 res

107 935 296 975 maturius
317 948 378 974 me
399 935 559 976 deserat.
608 947 722 986 quam
745 935 793 974 ob
814 949 895 974 rem
916 937 962 975 ad
983 936 1182 987 inceptum
1203 936 1331 975 redeo.

219 991 311 1030 Post
327 991 413 1030 Auli
435 992 569 1030 foedus
591 992 860 1043 exercitusque
882 993 1007 1031 nostri
1022 992 1172 1031 foedam
1191 993 1322 1043 fugam
1339 991 1516 1031 Metellus
1543 992 1593 1028 43

108 1054 145 1086 et
173 1047 329 1086 Silanus
368 1048 547 1086 consules
587 1048 775 1099 designati
814 1048 1031 1100 provincias
1070 1048 1172 1087 inter
1206 1062 1247 1088 se
1285 1048 1518 1100 partiverant

107 1103 339 1154 Metelloque
354 1104 532 1143 Numidia
553 1111 742 1152 evenerat,
763 1105 841 1144 acri
858 1105 937 1144 viro
961 1111 996 1144 et
1017 1117 1248 1155 quamquam
1270 1105 1431 1143 advorso
1448 1117 1519 1155 po—

107 1160 189 1210 puli
209 1160 388 1212 partium,
422 1161 520 1199 fama
540 1167 667 1199 tamen
689 1161 880 1211 aequabili
902 1167 937 1200 et
959 1161 1149 1200 inviolata.
1199 1161 1231 1200 is
1253 1161 1318 1199 ubi
1349 1161 1519 1211 primum
1542 1166 1560 1197 2

107 1215 370 1265 magistratum
391 1217 591 1267 ingressus
613 1224 682 1263 est,
705 1217 778 1256 alia
799 1218 927 1256 omnia
948 1217 1020 1256 sibi
1037 1230 1126 1256 cum
1148 1217 1309 1267 conlega
1329 1223 1449 1264 ratus,
1472 1217 1517 1256 ad

109 1271 251 1310 bellum
266 1272 370 1322 quod
387 1278 567 1321 gesturus
584 1281 664 1312 erat
684 1273 855 1312 animum
873 1273 1049 1312 intendit.
1077 1273 1194 1323 igitur
1211 1274 1388 1312 diffidens
1398 1274 1517 1312 veteri
1542 1278 1560 1310 3

108 1329 292 1367 exercitui
313 1328 453 1367 milites
474 1329 657 1377 scribere,
679 1330 869 1380 praesidia
899 1330 1072 1380 undique
1093 1341 1301 1375 arcessere,
1324 1342 1426 1368 arma
1443 1330 1519 1368 tela

107 1396 228 1434 equos
257 1390 294 1422 et
315 1390 440 1424 cetera
461 1385 718 1424 instrumenta
747 1386 904 1425 militiae
924 1398 1072 1437 parare,
1102 1386 1148 1424 ad
1169 1386 1243 1424 hoc
1274 1392 1518 1424 conmeatum

105 1440 257 1485 affatim,
290 1440 459 1491 denique
480 1441 608 1480 omnia
638 1454 734 1492 quae
766 1443 805 1480 in
826 1442 928 1481 bello
958 1442 1060 1480 vario
1093 1448 1129 1480 et
1148 1442 1357 1480 multarum
1386 1453 1517 1480 rerum

106 1497 232 1546 egenti
246 1497 332 1534 usui
349 1509 432 1535 esse
443 1497 582 1536 solent.
614 1504 785 1536 ceterum
801 1497 845 1536 ad
863 1510 903 1536 ea
914 1497 1097 1548 patranda
1108 1503 1266 1536 senatus
1276 1498 1515 1545 auctoritate,
1541 1504 1560 1535 4

105 1552 199 1591 socii
215 1564 437 1604 nomenque
448 1553 628 1592 Latinum
646 1559 682 1592 et
698 1565 809 1604 reges
824 1554 926 1592 ultro
943 1553 1079 1592 auxilia
1097 1553 1301 1601 mittundO,
1319 1559 1516 1604 postremo

104 1609 232 1647 omnis
261 1608 390 1647 civitas
421 1622 571 1649 summo
608 1609 733 1648 studio
765 1609 1021 1650 adnitebatur.
1081 1609 1207 1659 itaque
1250 1622 1295 1648 ex
1325 1610 1516 1650 sententia
1540 1616 1558 1647 5

104 1664 284 1703 omnibus
305 1665 422 1704 rebus
452 1666 594 1716 paratis
623 1665 914 1717 conpositisque
935 1666 975 1705 in
997 1665 1213 1704 Numidiam
1241 1666 1515 1717 proficiscitur,

104 1732 240 1770 magna
261 1733 331 1772 spe
360 1721 512 1768 civium,
544 1734 631 1760 cum
653 1729 817 1773 propter
837 1722 930 1761 artis
957 1723 1080 1760 bonas
1101 1728 1182 1760 tum
1202 1734 1380 1761 maxume
1411 1723 1516 1773 quod

104 1776 307 1816 advorsum
329 1777 476 1816 divitias
497 1778 683 1816 invictum
704 1778 876 1816 animum
897 1778 1053 1827 gerebat
1081 1785 1115 1816 et
1137 1777 1290 1816 avaritia
1312 1778 1513 1828 magistra—

103 1838 213 1872 tuum
234 1838 322 1871 ante
344 1833 381 1871 id
401 1840 554 1885 tempus
575 1834 615 1872 in
630 1833 809 1873 Numidia
830 1839 984 1872 nostrae
1005 1846 1099 1885 opes
1121 1842 1306 1873 contusae
1323 1834 1513 1873 hostium-

106 1901 180 1940 que
201 1895 333 1927 auctae
350 1895 470 1928 erant.

216 1944 292 1983 Sed
311 1944 379 1982 ubi
399 1945 438 1984 in
462 1945 629 1984 Africam
646 1945 762 1993 venit,
785 1945 977 1984 exercitus
999 1946 1033 1984 ei
1054 1945 1218 1984 traditur
1238 1958 1257 1984 a
1279 1946 1346 1997 Sp.
1370 1945 1510 1984 Albino
1539 1948 1590 1983 44

103 1999 339 2051 proconsule
361 2000 467 2040 iners
488 2001 653 2046 inbellis,
683 2013 810 2052 neque
841 2001 1005 2052 periculi
1027 2014 1155 2053 neque
1176 2002 1319 2040 laboris
1348 2002 1513 2053 patiens,

103 2055 236 2106 lingua
257 2068 370 2107 quam
393 2069 510 2096 manu
531 2058 761 2109 promptior,
783 2058 986 2109 praedator
1007 2071 1052 2097 ex
1073 2058 1189 2097 sociis
1211 2064 1248 2097 et
1268 2058 1350 2109 ipse
1373 2058 1514 2109 praeda

193 2170 214 2200 4
231 2166 372 2200 alterum
385 2167 525 2200 alterum
540 2168 574 2209 C,
588 2168 728 2201 alterum
740 2168 849 2213 120115
864 2168 1049 2202 deducendi
1066 2180 1110 2202 εει
1123 2168 1301 2202 deducenti
1314 2170 1344 2201 P
1357 2168 1369 2212 Η
1391 2171 1400 2201 l
1414 2172 1424 2201 l
1443 2168 1516 2201 uin-

103 2221 178 2244 cere
200 2222 235 2254 p,
259 2211 368 2244 dicere
389 2211 442 2255 ΡΙ]
467 2214 502 2245 12
529 2213 635 2246 omnis
656 2213 719 2253 PC,
744 2213 898 2247 omnibus
917 2214 975 2256 pC
991 2213 1002 2257 Η
1020 2215 1214 2257 singillatim
1230 2213 1294 2255 PC,
1319 2213 1514 2255 singulatim

105 2256 138 2297 C,
160 2267 183 2299 p
208 2258 247 2288 in
262 2267 377 2299 marg.
396 2256 408 2300 Η
428 2259 467 2290 13
484 2267 600 2300 parum
616 2259 646 2290 P
660 2258 672 2300 ΙΙ
693 2260 731 2291 14
756 2258 887 2292 deseret
903 2259 966 2300 PC,
991 2258 1123 2292 deserat
1146 2259 1202 2291 vel
1223 2258 1391 2292 desereret
1404 2261 1516 2301 pauci

105 2299 158 2344 (ΙΙΙ
178 2303 217 2334 15
242 2302 323 2344 auli]
352 2314 379 2334 ι’.
406 2302 453 2334 ad
474 2313 497 2344 p
522 2302 576 2344 61,
599 2303 643 2337 34
662 2302 673 2346 ΙΙ
691 2314 721 2346 q.
747 2303 902 2337 metellus
928 2309 959 2336 et
985 2314 1027 2337 m.
1046 2304 1171 2337 silanus
1190 2307 1302 2346 pauci
1324 2315 1342 2335 :-
1359 2303 1370 2345 13
1393 2306 1432 2337 16
1457 2303 1515 2336 de—

103 2345 227 2387 signati
250 2347 324 2380 PC:
355 2346 396 2380 de
427 2352 564 2380 senatus
588 2349 754 2382 sententia
777 2349 967 2382 Mommsen
992 2349 1106 2382 Herm.
1132 2352 1163 2391 1,
1189 2348 1273 2388 430;
1307 2353 1345 2380 at
1366 2359 1395 2381 v.
1422 2349 1513 2380 idem

103 2389 250 2425 Staatsr.
266 2393 296 2433 1,
310 2393 375 2426 487
395 2391 406 2434 ΙΙ
427 2394 462 2425 17
482 2392 554 2425 uiro
566 2403 603 2434 p,
628 2403 707 2427 uero
724 2395 755 2426 P
769 2395 780 2434 ΙΙ
797 2396 836 2427 21
857 2393 981 2426 milites
999 2393 1122 2436 eligere
1139 2393 1283 2428 scribere
1300 2394 1363 2434 PC,
1388 2393 1512 2426 milites

104 2435 248 2469 scrihere
273 2436 396 2479 eligere
423 2437 476 2469 vel
497 2437 620 2470 milites
644 2438 788 2477 scrihere
805 2438 969 2482 praesidia
988 2439 1109 2481 eligere
1130 2439 1163 2480 C,
1188 2438 1311 2481 eligere
1330 2440 1516 2480 ompauci

102 2479 114 2521 ΙΙ
138 2490 305 2514 arcessere
322 2482 385 2515 PC.
411 2492 580 2514 accersere
601 2482 650 2526 Css
670 2485 711 2516 22
737 2485 896 2526 parereP
911 2483 922 2526 ΙΙ
940 2485 980 2516 25
1014 2484 1135 2517 *tendo
1161 2484 1233 2525 (mit
1258 2488 1370 2526 s.s.p)
1395 2483 1509 2525 Ρ1ᾖ26

106 2539 145 2555 ιε
172 2526 339 2559 nitebatur
362 2526 417 2567 Pll
434 2529 474 2560 28
501 2537 620 2569 magna
645 2538 704 2570 spe
728 2529 850 2562 ciuium
870 2539 907 2570 p.
935 2538 1073 2571 magnas
1097 2530 1221 2572 pecui*
1248 2528 1361 2571 121133
1387 2529 1512 2562 inerms

104 2569 160 2613 ΡΙΙ
176 2570 328 2604 laborum
352 2572 488 2604 Fronto
514 2572 560 2604 ad
582 2573 710 2606 Antan.
725 2573 756 2608 2.
774 2575 795 2607 6
815 2585 851 2617 p.
866 2574 929 2607 109
1477 2569 1483 2574 ”

173 2630 339 2659 Sallustius.
376 2631 426 2658 Ed.
441 2631 475 2659 Π.
1224 2636 1241 2666 5
