1709 2885
175 86 228 124 52
682 86 716 119 G.
735 85 940 119 SALLUSTI
965 84 1102 118 CRISPI

178 192 287 244 prius
316 196 442 229 tamen
485 189 614 228 onmia
644 189 723 240 pati
762 188 929 227 decrevit
965 199 1080 239 quam
1110 186 1253 226 bellum
1289 199 1464 233 sumere,
1504 187 1594 238 quia

135 254 155 286 6
179 254 407 298 temptatum
428 253 539 285 antea
558 257 671 284 secus
693 250 872 284 cesserat.
923 256 1051 295 neque
1071 256 1117 283 eo
1138 243 1259 293 magis
1289 244 1431 295 cupido
1454 243 1594 293 lugur-

178 304 264 343 thac
289 302 547 349 minuebatur,
570 301 717 353 qnippe
739 301 805 352 qui
830 307 957 340 totum
981 303 1065 339 eius
1085 311 1251 351 regnum
1279 300 1407 339 animo
1430 299 1505 338 iam
1534 299 1595 338 in-

136 366 152 397 7
180 367 338 399 vaserat.
384 359 514 410 itaque
535 370 615 396 non
638 357 692 396 uti
713 364 825 396 antea
845 369 934 396 cum
951 356 1190 408 praedatoria
1212 367 1342 403 mauu,
1364 355 1430 395 sed
1451 367 1592 405 magno

180 416 351 455 exercitu
373 420 583 466 conparato
603 413 748 452 bellum
769 425 904 463 gerere
933 413 1061 464 coepit
1091 420 1128 451 et
1157 417 1290 463 aperte
1318 412 1438 451 totius
1458 411 1594 451 Numi-

138 477 158 509 8
181 473 264 511 diae
286 473 491 522 imperium
509 479 653 522 petere.
689 476 861 509 ceterum
883 482 956 520 qua
973 469 1159 520 pergebat
1180 467 1288 507 urbis
1304 480 1418 518 agros
1434 475 1594 514 vastare,

109 530 157 566 21
183 529 343 580 praedas
363 540 491 578 agere,
512 527 593 565 suis
613 526 785 565 animum
805 525 983 565 hostibus
1004 534 1195 565 terrorem
1211 537 1366 576 augere.
1403 523 1595 563 Adherbal

183 585 248 625 ubi
270 583 458 635 intellegit
481 595 526 622 eo
548 594 796 634 processum,
830 582 884 621 uti
906 594 1069 633 regnum
1100 588 1166 621 aut
1192 580 1465 620 relincundum
1496 585 1598 620 esset

181 648 248 680 aut
267 640 383 680 armis
403 639 665 684 retinendum,
697 638 915 678 necessario
941 638 1072 690 copias
1092 644 1201 689 parat
1221 642 1258 676 et
1288 637 1495 687 lugurthae
1526 635 1596 674 ob-

138 702 157 734 2
182 697 265 736 vius
286 697 474 748 procedit.
513 695 664 734 interim
687 694 788 734 haud
809 694 926 745 longe'
947 708 967 733 a
988 694 1084 733 mari
1106 706 1228 745 prope
1251 691 1392 732 Cirtam
1409 692 1596 744 oppidum

184 754 387 804 utriusque
416 752 608 791 exercitus
638 750 814 790 consedit
843 758 880 789 et
909 751 998 801 quia
1031 751 1105 789 diei
1128 756 1341 789 extremum
1372 756 1454 788 erat
1485 760 1598 799 proe-

182 810 276 848 lium
299 822 377 848 non
397 809 607 859 inceptum.
629 808 696 846 sed
719 807 784 846 ubi
805 807 1036 858 plerumque
1059 805 1409 857 noctisproeessit,
1431 805 1598 844 obscuro

183 867 295 905 etiam
328 872 407 904 tum
429 865 577 903 lumine
601 863 742 902 milites
763 863 984 914 Iugurthini
1013 864 1126 913 signo
1155 863 1242 901 dato
1275 869 1398 901 castra
1427 861 1599 900 hostium

184 922 391 969 invadunt,
422 921 682 960 semisomnos
712 920 851 971 partim
872 919 967 958 alios
998 931 1101 958 arma
1122 919 1311 957 sumentis
1344 919 1480 968 sugant
1508 917 1599 956 fun-

183 979 372 1028 duntque.
423 976 616 1016 Adherbal
644 989 732 1015 cum
764 977 897 1027 paucis
919 976 1115 1026 equitibus
1137 974 1276 1014 Cirtam
1301 974 1472 1025 profugit
1502 979 1540 1012 et
1559 972 1600 1011 ni

184 1034 392 1074 multitudo
422 1039 642 1084 togatorum
671 1032 829 1074 fuisset.
862 1044 958 1083 quae
980 1031 1163 1070 Numidas
1186 1031 1429 1080 insequentis
1450 1028 1600 1068 moeni-

184 1091 258 1130 bus
279 1089 492 1141 prohibuit,
514 1102 593 1128 uno
611 1090 673 1128 die
694 1089 797 1127 inter
818 1089 915 1127 duos
936 1101 1048 1138 reges
1070 1094 1250 1138 coeptum
1273 1093 1388 1137 atque
1409 1092 1602 1137 patratum

142 1151 160 1183 3
184 1147 328 1187 bellum
350 1147 462 1185 foret.
499 1146 616 1196 igitur
638 1145 825 1195 Iugurtha
847 1145 1036 1195 oppidum
1058 1143 1320 1189 circumsedit,
1343 1142 1464 1181 vineis
1483 1141 1602 1181 turri-

183 1204 335 1254 busque
365 1210 402 1241 et
431 1202 621 1241 machinis
660 1201 834 1239 omnium
875 1212 1062 1250 generum
1101 1210 1325 1250 expugnare
1363 1197 1600 1247 adgreditur,

183 1272 361 1299 maxume
383 1259 570 1298 festinans
587 1264 742 1308 tempus
764 1257 979 1307 legatorum
996 1261 1238 1306 antecapere,
1261 1266 1361 1305 quos
1376 1261 1465 1294 ante
1486 1266 1602 1305 proe-

184 1317 279 1355 lium
299 1316 445 1354 factum
466 1314 513 1353 ab
535 1313 751 1352 Adherbale
772 1313 934 1352 Romam
955 1312 1094 1351 missos
1115 1312 1321 1351 audiverat.

143 1378 162 1409 4
298 1371 372 1411 Sed
396 1376 601 1422 postquam
623 1375 781 1408 senatus
802 1369 848 1408 de
866 1368 968 1408 bello
1000 1381 1134 1407 eornm
1157 1367 1320 1418 accepit,
1350 1373 1430 1406 tres
1450 1365 1603 1404 adules-

187 1434 319 1467 centes
341 1428 379 1466 in
403 1427 571 1466 Africam
591 1426 782 1476 legantur,
806 1426 873 1477 qui
893 1425 1026 1464 ambos
1048 1437 1160 1475 reges
1182 1424 1333 1473 adeant,
1354 1428 1512 1462 senatus
1532 1434 1603 1474 po-

188 1484 348 1536 pulique
370 1483 534 1522 Romani
565 1482 692 1521 verbis
723 1482 907 1520 nuntient
938 1482 1030 1520 velle
1065 1488 1102 1520 et
1131 1493 1293 1520 censere
1323 1492 1389 1519 eos
1410 1478 1457 1518 ab
1488 1478 1603 1517 armis

186 1540 396 1585 discedere,
416 1539 462 1577 de
473 1538 751 1578 controvorsiis
768 1538 849 1576 suis
867 1538 951 1576 iure
967 1537 1098 1588 potius
1116 1550 1230 1588 quam
1248 1535 1347 1575 bello
1364 1536 1601 1586 disceptare:

113 1598 162 1634 22
188 1597 238 1636 ita
259 1609 380 1647 seque
401 1595 555 1645 illisque
577 1595 737 1644 dignum
755 1607 850 1633 esse.
887 1594 998 1643 legati
1023 1595 1062 1632 in
1086 1593 1251 1632 Africam
1284 1599 1521 1631 maturantes
1541 1603 1605 1630 ve-

189 1653 323 1698 niunt,
357 1664 402 1690 eo
422 1651 544 1702 magis
566 1651 670 1702 quod
690 1650 849 1697 Romae,
882 1650 972 1688 (lum
995 1649 1190 1701 proficisci
1211 1655 1360 1700 parant,
1390 1648 1436 1687 de
1457 1647 1606 1699 proelio

187 1710 287 1748 sacto
319 1714 356 1747 et
377 1707 670 1759 oppugnatione
693 1706 817 1745 Cirtae
847 1706 1093 1745 audiebatur:
1125 1705 1191 1745 sed
1219 1706 1250 1744 is
1272 1716 1407 1744 rumor
1437 1703 1608 1742 clemens

145 1771 165 1803 2
190 1772 283 1805 erat.
343 1776 512 1816 quorum
532 1763 721 1813 Iugurtha
749 1767 906 1813 accepta
937 1763 1112 1801 oratione
1142 1761 1344 1813 respondit
1374 1760 1446 1799 sibi
1480 1772 1608 1811 neque

190 1823 314 1861 maius
335 1821 545 1872 quicquam
567 1831 696 1870 neque
726 1818 854 1857 carius
874 1819 1100 1857 auctoritate
1122 1824 1280 1857 senatus
1301 1829 1402 1856 esse:
1436 1816 1481 1856 ab
1511 1816 1606 1855 adu-

192 1877 374 1918 lescentia
394 1877 443 1916 ita
459 1889 501 1915 se
522 1877 677 1915 enisum
692 1882 735 1914 ut
754 1874 801 1913 ab
819 1882 980 1926 optumo
1003 1886 1161 1926 quoque
1178 1873 1430 1926 probaretur;
1452 1873 1608 1920 virtute,

192 1947 272 1974 non
297 1933 439 1972 malitia
460 1932 501 1971 P.
524 1931 700 1983 Scipioni
722 1943 873 1970 summo
904 1931 985 1970 viro
1016 1930 1231 1983 placuisse;
1263 1930 1312 1968 ob
1334 1929 1487 1969 easdem
1516 1928 1609 1968 artis

148 1995 168 2028 3
191 2004 212 2030 a
232 1990 392 2041 Micipsa
409 2001 489 2027 non
507 1988 672 2040 penuria
692 1986 906 2026 liberorum
927 1987 966 2027 in
988 2000 1152 2038 regnum
1171 1987 1393 2038 adoptatum
1413 1998 1510 2025 esse.
1545 1997 1610 2024 ce-

191 2054 319 2087 terum
341 2058 419 2096 qno
450 2045 561 2096 plura
582 2044 682 2083 bene
701 2050 815 2095 atque
838 2050 996 2083 strenue
1018 2044 1186 2091 fecisset,
1217 2055 1262 2083 eo
1292 2042 1463 2081 animum
1495 2053 1611 2080 suum

150 2109 171 2140 4
193 2103 375 2142 iniuriam
392 2102 521 2140 minus
538 2101 714 2140 tolerare.
747 2100 1001 2139 Adherbalem
1019 2099 1117 2139 dolis
1133 2100 1230 2139 vitae
1251 2111 1343 2139 suae
1366 2098 1607 2145 insidiatum

195 2159 299 2212 quod
322 2158 388 2198 ubi
410 2158 665 2208 conperisset,
696 2157 832 2196 sceleri
855 2157 938 2195 eius
961 2156 1109 2195 obviam
1130 2156 1218 2195 isse.
1259 2155 1448 2207 populum
1469 2153 1610 2192 Roma-

195 2228 290 2255 num
312 2227 441 2265 neque
461 2220 566 2253 recte
597 2226 724 2264 neque
745 2225 816 2264 pro
839 2212 943 2251 bono
967 2214 1180 2259 facturum,
1211 2213 1242 2251 si
1263 2211 1309 2251 ab
1331 2211 1414 2250 iure
1436 2209 1611 2260 gentium

194 2285 280 2312 sese
315 2270 573 2323 prohibuerit.
622 2274 819 2321 postremo
850 2269 896 2308 de
918 2269 1099 2308 omnibus
1128 2269 1246 2308 rebus
1276 2267 1421 2318 legatos
1451 2265 1611 2304 Romam

154 2335 172 2367 5
197 2328 303 2367 brevi
324 2328 549 2366 missurum.
588 2326 637 2365 ita
658 2325 815 2376 utrique
838 2325 1124 2376 digrediuntur.
1148 2323 1374 2364 Adherbalis
1389 2321 1611 2374 appellandi

288 2428 303 2460 1
330 2436 462 2459 sumere
486 2426 564 2469 quia
585 2437 622 2468 p,
646 2434 810 2458 summere
836 2433 934 2467 quem
954 2424 1006 2467 ΙἸῙ
1027 2426 1045 2457 3
1071 2424 1135 2457 iam
1160 2434 1185 2456 s,
1202 2434 1227 2455 s.
1245 2422 1298 2465 ΡΠ
1318 2424 1336 2455 5
1363 2424 1478 2464 aperto
1497 2419 1550 2465 Pu
1573 2422 1608 2454 11

197 2472 361 2515 proelium
386 2483 430 2504 ecc
447 2471 574 2515 proelio
592 2472 622 2503 P
635 2470 648 2514 ΙΙ
670 2472 707 2503 14
731 2468 893 2502 inuadunt
912 2480 957 2501 em
973 2469 1102 2502 inuadit
1121 2470 1151 2501 P
1165 2467 1176 2511 ΙΙ
1193 2467 1309 2509 sugant
1335 2466 1546 2510 funduntque
1568 2477 1613 2498 ex

198 2516 315 2549 sudant
341 2516 548 2560 sundantqne
566 2517 595 2549 P
609 2515 621 2558 ss
638 2517 680 2549 20
697 2515 904 2557 laegatornm
922 2525 967 2547 ea:
984 2514 1179 2556 largitorum
1195 2513 1226 2545 P
1240 2511 1252 2555 Η
1269 2513 1310 2545 24
1336 2511 1447 2545 uerbis
1470 2522 1497 2543 s.
1513 2522 1540 2544 s.
1556 2511 1586 2544 P
1601 2509 1614 2555 ΙΙ

197 2563 239 2594 25
265 2561 305 2594 de
331 2560 823 2603 controuersiis—disceptare
850 2571 878 2600 z,
902 2570 966 2592 om.
994 2559 1049 2592 PC
1065 2559 1077 2602 ss
1093 2561 1135 2593 34
1160 2567 1226 2601 quo
1254 2557 1287 2597 C,
1313 2556 1403 2600 quod
1428 2556 1485 2590 PC
