1709 2885
15 708 52 741 10

13 987 52 1021 15

465 93 520 126 DE
546 91 865 126 comcffirloNE
889 90 1114 125 CATILINAE
1367 65 1371 68 ’
1444 86 1494 125 31

82 195 282 237 tolerabat.
332 208 439 235 nunc
458 208 549 235 vero
577 208 657 235 non
679 196 716 234 id
738 196 883 246 agitur,
913 195 1079 233 bonisne
1105 205 1152 232 an
1181 192 1291 231 malis
1321 191 1495 230 moribus
1520 199 1561 230 10

83 254 264 300 vivamus,
288 265 415 303 neque
440 256 627 303 quantum
649 257 714 291 aut
730 264 843 303 quam
866 251 1113 302 magnificum
1130 249 1336 300 imperium
1359 248 1495 300 populi

82 308 247 348 Romani
267 308 328 356 sit,
352 308 419 347 sed
439 308 533 348 haec
550 308 831 359 cuiuscumque
851 306 956 346 modi
976 307 1176 354 videntur,
1199 310 1329 344 nostra
1351 317 1399 343 an
1422 316 1493 343 no-

81 365 231 404 biscum
252 377 330 403 una
352 365 521 404 hostium
541 364 673 403 futura
695 365 785 403 sint.
832 364 896 402 hic
915 362 1011 402 mihi
1033 362 1238 413 quisquam
1267 366 1493 399 mansuetu·
1518 367 1555 400 11

82 421 212 460 dinem
234 426 272 459 et
290 420 594 460 misericordiam
615 420 801 459 nominat.
841 421 916 459 iam
936 419 1087 471 pridem
1110 417 1289 469 equidem
1311 429 1383 455 nos
1403 428 1492 455 vera

80 476 264 516 vocabula
294 489 425 516 rerum
456 477 667 516 amisimus.
727 477 816 527 quia
835 476 937 515 bona
966 475 1090 515 aliena
1107 473 1242 525 largiri
1271 473 1493 521 liberalitas,
1552 481 1562 486 ·

80 533 268 572 malarum
290 545 422 572 rerum
442 532 599 572 audacia
619 532 805 571 fortitudo
825 538 1006 579 vocatur,
1039 543 1084 570 eo
1106 542 1169 570 res
1189 529 1345 581 publica
1364 529 1404 568 in
1428 541 1493 567 ex-

79 594 203 628 tremo
226 589 297 628 sita
319 596 387 628 est.
429 589 506 628 sint
526 601 639 638 sane,
669 589 853 641 Qiam
873 589 924 641 ita
947 601 987 627 se
1007 599 1137 626 mores
1158 586 1321 629 hahent.
1352 584 1491 624 libera·
1521 591 1556 623 12

78 644 136 684 les
157 658 203 684 ex
224 646 420 684 sociorum
439 645 622 692 fortunis,
644 645 723 683 sint
742 642 1011 683 misericordes
1033 644 1072 682 in
1092 642 1246 682 furibus
1267 641 1412 689 aerari3
1443 654 1493 680 ne

80 701 136 740 illi
157 703 388 752 sanguinem
410 707 589 740 nostrum
609 701 823 752 largiantur
845 707 894 747 et,
918 701 1009 739 dum
1030 699 1166 751 paucis
1187 698 1383 737 sceleratis
1404 709 1493 749 par-

79 763 187 804 cunt,
208 757 333 797 bonos
355 758 482 797 omnis
502 757 697 809 perditum
727 763 826 796 eant.
867 757 966 795 bene
990 762 1027 796 et
1048 755 1262 807 composite
1293 755 1331 793 C.
1357 753 1496 793 Caesar
1519 760 1559 792 13

78 814 196 866 paulo
217 820 306 853 ante
327 814 365 853 in
396 814 471 852 hoc
493 813 629 853 ordine
651 814 697 852 de
717 814 791 852 vita
814 818 851 852 et
880 818 1004 851 morte
1026 811 1222 859 disseruit,
1254 811 1370 849 credo
1399 810 1494 848 falsa

79 870 315 909 existumans
337 882 379 909 ea
409 882 506 921 quae
528 870 574 909 de
595 870 730 909 inferis
759 877 1047 916 memorantur,
1079 868 1231 907 divorso
1252 867 1391 905 itinere
1411 878 1493 905 ma-

79 926 138 965 los
160 939 180 965 a
210 926 324 965 bonis
353 926 437 965 loca
467 931 586 965 taetra
607 926 753 966 inculta
782 926 894 965 foeda
916 932 1031 976 atque
1052 923 1305 963 formidulosa
1334 922 1490 961 habere.

79 982 207 1034 itaque
229 983 381 1021 censuit
400 983 586 1033 pecunias
609 995 742 1021 eorum
764 982 1038 1034 publicandas,
1060 981 1167 1032 ipsos
1188 992 1258 1032 per
1278 979 1492 1029 municipia
1515 984 1555 1017 14

78 1038 118 1077 in
150 1039 335 1077 custodiis
355 1038 567 1090 habendos,
598 1039 775 1078 videlicet
794 1039 936 1078 timens
957 1051 1020 1085 ne,
1043 1038 1074 1076 si
1095 1037 1241 1075 Romae
1262 1036 1354 1083 sint,
1385 1041 1449 1074 aut
1470 1047 1491 1073 a

76 1094 333 1147 popularibus
363 1095 646 1134 coniurationis
676 1101 742 1134 aut.
771 1108 791 1134 a
820 1094 1071 1134 multitudine
1103 1093 1294 1132 conducta
1315 1104 1387 1143 per
1416 1092 1490 1130 w'm

78 1151 304 1203 eripiantur.
356 1151 467 1202 quasi
487 1164 578 1190 vero
599 1151 689 1190 mali
715 1158 830 1202 atque
850 1151 1002 1190 scelesti
1023 1155 1173 1188 tantum
1194 1149 1310 1187 modo
1332 1148 1372 1186 in
1393 1147 1491 1186 urbe
1516 1153 1554 1186 15

79 1214 116 1247 et
137 1220 216 1246 non
248 1220 318 1258 per
346 1213 464 1246 totam
485 1208 631 1246 Italiam
657 1209 746 1255 sint,
777 1213 843 1246 aut
864 1220 944 1246 non
973 1206 1026 1245 ibi
1047 1206 1136 1258 plus
1167 1204 1291 1257 possit
1320 1203 1490 1251 audacia,

77 1263 146 1302 ubi
166 1263 211 1302 ad
234 1263 525 1302 defendundum
547 1276 641 1315 opes
661 1264 833 1302 minores
854 1269 958 1302 sunt.
1008 1275 1128 1313 quare
1147 1273 1290 1301 vanum
1312 1260 1489 1311 equidem
1515 1265 1555 1297 16

74 1319 150 1358 hoc
172 1319 377 1358 consilium
400 1326 468 1365 est,
491 1320 523 1359 si
543 1320 762 1371 periculum
785 1332 829 1358 ex
850 1320 924 1358 illis
945 1319 1101 1358 metuit:
1134 1318 1193 1356 sin
1215 1319 1256 1356 in
1277 1323 1385 1356 tanto
1408 1329 1492 1354 om-

76 1376 185 1414 nium
205 1381 312 1414 metu
332 1375 439 1414 solus
460 1388 540 1414 non
562 1376 682 1424 timet,
705 1389 750 1415 eo
771 1376 892 1427 magis
912 1376 1031 1414 refert
1051 1387 1111 1413 me
1131 1374 1227 1412 mihi
1248 1379 1363 1424 atque
1383 1372 1492 1411 vobis

74 1431 223 1470 timere.
266 1444 384 1482 quare
406 1444 495 1470 cum
517 1432 562 1471 de
583 1432 625 1471 P.
648 1432 815 1471 Lentulo
838 1431 1056 1482 ceterisque
1079 1430 1267 1476 statuetis,
1288 1441 1360 1481 pro
1384 1434 1489 1467 certo
1516 1435 1553 1466 17

75 1486 255 1526 habetote
276 1500 342 1526 vos
363 1488 480 1526 simul
502 1488 547 1527 de
570 1489 739 1527 exercitu
762 1488 948 1526 Catilinae
971 1494 1008 1525 et
1030 1487 1074 1525 de
1098 1486 1280 1525 omnibus
1311 1485 1492 1524 coniura-

76 1543 127 1583 tis
149 1543 371 1583 decernere.
414 1549 558 1594 quanto
579 1556 647 1582 vos
669 1544 855 1583 attentius
876 1556 918 1582 ea
941 1543 1082 1593 agetis,
1112 1548 1220 1581 tanto
1242 1542 1318 1580 illis
1340 1541 1492 1580 animus
1519 1547 1554 1579 18

77 1599 268 1639 infirmior
288 1600 382 1639 erit:
408 1601 440 1638 si
461 1599 664 1652 paululum
684 1600 798 1639 modo
815 1612 882 1638 vos
902 1599 1090 1650 languere
1110 1598 1289 1646 viderint,
1311 1599 1385 1636 iam
1408 1609 1491 1636 om-

76 1669 147 1695 nes
166 1653 316 1695 feroces
338 1656 514 1695 aderunt.
565 1656 685 1695 nolite
707 1656 959 1703 existumare,
990 1656 1155 1693 maiores
1188 1661 1343 1693 nostros
1373 1654 1490 1692 armis
1515 1659 1554 1692 19

75 1724 156 1751 rem
178 1712 371 1764 publicam
395 1725 440 1751 ex
461 1724 576 1764 parva
605 1724 782 1763 magnam
803 1712 956 1751 fecisse.
1006 1711 1038 1750 si
1060 1711 1108 1749 ita
1130 1723 1192 1749 res
1214 1718 1336 1757 esset,
1365 1709 1490 1748 multo
1513 1715 1554 1748 20

75 1768 390 1820 pulcherrumam
413 1781 496 1808 eam
517 1781 590 1807 nos
610 1769 842 1807 haberemus
856 1799 865 1816 ,
896 1768 1042 1818 quippe
1073 1767 1268 1805 sociorum
1299 1775 1414 1817 atque
1437 1766 1491 1804 ci-

73 1825 190 1873 vium,
211 1831 410 1876 praeterea
427 1837 623 1864 armorum
640 1831 755 1875 atque
772 1836 962 1875 equorum
978 1823 1102 1861 maior
1118 1823 1228 1874 copia
1246 1823 1359 1861 nobis
1377 1834 1493 1873 quam

75 1880 150 1919 illis
180 1888 249 1919 est.
310 1881 378 1919 sed
408 1881 478 1919 alia
508 1880 618 1919 fuere
650 1893 747 1931 quae
778 1880 864 1918 illos
885 1892 1047 1930 magnos
1078 1880 1225 1927 fecere,
1257 1891 1356 1929 quae
1378 1878 1491 1917 uobis
1513 1883 1551 1916 21

74 1937 181 1976 nulla
211 1942 327 1984 sunt,
358 1936 462 1974 domi
492 1936 681 1975 industria
712 1936 806 1974 foris
827 1936 972 1974 iustum
1002 1935 1232 1986 imperium,
1265 1935 1417 1973 animus
1448 1935 1489 1973 in

73 1992 321 2031 consulundo
341 1991 440 2030 liber
469 2004 597 2042 neque
629 1992 768 2031 delicto
799 2005 926 2044 neque
956 1991 1120 2030 lubidini
1152 1991 1356 2030 obnoxius.
1418 2002 1490 2042 pro
1513 1997 1553 2029 22

73 2049 134 2088 his
158 2061 228 2087 nos
257 2048 445 2086 habemus
475 2048 668 2087 luxuriam
699 2055 813 2100 atque
844 2048 1059 2096 avaritiam,
1090 2047 1247 2099 publice
1278 2053 1490 2098 egestatem

74 2104 252 2156 privatim
298 2103 548 2155 opulentiam.
616 2104 816 2144 laudamus
861 2104 1009 2143 divitias
1053 2104 1255 2155 sequimur
1294 2103 1488 2142 inertiam.

71 2160 176 2199 inter
205 2160 332 2199 bonos
363 2166 401 2199 et
430 2160 551 2199 malos
583 2160 790 2200 discrimen
822 2161 997 2208 nullum,
1037 2161 1166 2199 omnia
1196 2161 1348 2199 virtutis
1377 2172 1492 2211 prae-

159 2296 180 2326 6
204 2292 408 2325 uocabulum
425 2294 461 2333 P,
486 2293 651 2326 uocabula
665 2303 688 2335 p
709 2292 720 2335 [1
737 2295 756 2327 8
782 2293 845 2326 sita
864 2297 916 2327 est
930 2293 998 2332 VC,
1023 2293 1166 2336 positae.
1183 2294 1213 2325 P
1227 2292 1239 2336 ΙΙ
1259 2295 1298 2326 10
1316 2293 1490 2326 sceleratis

69 2336 133 2379 PC,
157 2337 311 2370 scelestis
330 2348 356 2380 p
374 2340 414 2370 in
428 2347 555 2379 marg„
581 2337 638 2380 ΙἹΙ
660 2340 701 2371 14
725 2338 943 2372 formidolosa
962 2339 1002 2373 V.
1028 2338 1125 2372 sormi
1150 2338 1269 2372 dolosa
1286 2339 1322 2379 P,
1348 2349 1382 2371 c:
1405 2338 1449 2372 du
1464 2349 1488 2381 p

68 2384 107 2414 in
129 2392 242 2424 marg.
263 2381 275 2425 ss
294 2385 334 2416 16
347 2383 389 2425 si]
410 2383 453 2415 sit
472 2383 501 2414 P
516 2382 526 2425 Η
544 2384 586 2415 20
603 2382 826 2416 addefendum
844 2383 881 2416 V
891 2386 902 2426 ΙΙ
921 2384 1128 2417 minoresunt
1145 2385 1176 2416 P
1191 2383 1203 2427 ΙΙ
1219 2385 1259 2416 21
1280 2383 1331 2416 sin
1355 2384 1389 2416 in
1409 2383 1489 2424 CO),

72 2427 100 2460 si
113 2427 147 2460 in
158 2427 222 2460 PV
221 2426 248 2459 C
264 2427 276 2470 Η
293 2429 333 2461 25
346 2427 509 2461 attentius
518 2426 582 2468 PC,
595 2427 757 2461 intentius
768 2439 791 2471 p
805 2431 843 2461 in
857 2440 981 2471 marg„
997 2429 1031 2461 V
1045 2427 1058 2472 Η
1074 2429 1204 2462 animus
1230 2439 1274 2461 ea·
1290 2429 1446 2461 omnibus
1462 2429 1495 2461 P

70 2472 84 2514 ΙΙ
99 2474 141 2507 26
158 2472 331 2515 paululum
347 2472 412 2515 PC,
437 2472 575 2515 paulum
593 2471 655 2504 VC
666 2472 678 2515 ΙΙ
698 2474 739 2506 28
756 2484 809 2506 res
825 2473 923 2510 PVC.
942 2485 1007 2507 om.
1023 2485 1067 2506 ea·
1087 2473 1114 2506 C
1128 2474 1318 2506 deteriores
1329 2475 1442 2516 pauci
1456 2476 1492 2505 et

70 2518 258 2559 Augu-stin.
277 2528 304 2550 c.
319 2518 351 2551 d.
368 2519 400 2559 5,
415 2518 458 2551 12
476 2517 488 2560 Η
505 2519 546 2551 36
572 2517 748 2550 discrimen
766 2518 894 2551 nullum
911 2518 1008 2559 PVC,
1033 2520 1224 2560 Angustia.
1251 2519 1269 2551 I.
1296 2529 1335 2561 e.‚
1359 2518 1490 2551 nullum

72 2561 249 2596 discrimen
273 2562 341 2604 (vel
362 2562 540 2596 discrimen
564 2561 706 2601 nullum)
730 2567 781 2596 est
808 2563 835 2596 C
