1709 2885
47 725 85 757 10

48 1006 82 1037 15

45 1285 84 1317 20

0 1564 80 1608 ¹25

0 1836 79 1894 Jao

38 2126 77 2158 35

567 111 621 144 DE
645 110 778 145 BELLO
802 109 1064 144 IUGURTHINO
1473 107 1523 147 85

115 225 238 253 unum
260 213 362 265 cogit
382 225 426 252 ac
445 213 628 265 paulatim
650 212 889 252 consuefacit
910 212 1066 252 ordines
1086 213 1241 260 habere,
1271 213 1380 264 signa
1402 213 1525 264 sequi,

115 269 322 322 imperium
354 269 569 317 observare,
591 270 681 308 item
702 267 774 308 alia
803 268 982 307 militaria
1003 269 1141 308 facere.
1189 274 1389 320 praeterea
1424 269 1525 320 regis
1549 275 1568 307 3

113 325 258 365 Bocchi
287 337 500 377 proxumos
527 325 678 376 magnis
699 324 928 363 muneribus
958 330 996 364 et
1024 325 1234 364 maioribus
1256 324 1459 376 promissis
1479 325 1525 364 ad

115 381 285 421 studium
307 382 366 421 sui
383 382 574 433 perducit,
602 380 689 432 quis
711 380 951 420 adiutoribus
980 393 1112 432 regem
1141 393 1347 432 aggressus
1375 381 1528 433 inpellit

114 438 170 477 uti
192 438 376 477 advorsus
397 437 595 477 Romanos
614 436 759 476 bellum
777 437 947 488 incipiat.
999 437 1035 476 id
1058 450 1100 477 ea
1122 438 1240 488 gratia
1262 437 1412 476 facilius
1433 449 1525 488 pro-
1549 443 1568 474 4

115 494 283 544 niusque
304 493 389 541 fuit,
420 494 525 545 quod
545 493 723 532 Bocchus
753 493 864 533 initio
886 494 1049 533 huiusce
1081 493 1171 532 belli
1199 494 1344 544 legatos
1365 493 1525 532 Romam

114 550 272 590 miserat
287 550 424 589 foedus
442 556 479 589 et
494 549 698 589 amicitiam
714 548 890 600 petitum,
909 562 1023 601 quam
1042 562 1122 589 rem
1141 550 1525 602 opportunissumam
1549 555 1568 586 5

112 606 269 658 incepto
297 606 396 645 bello
418 607 531 658 pauci
559 605 838 656 impediverant
858 606 960 645 caeci
981 606 1155 652 avaritia,
1190 605 1277 656 quis
1299 605 1428 645 omnia
1455 605 1526 645 ho-

114 668 222 702 nesta
245 667 361 713 atque
382 663 586 702 inhonesta
606 661 773 700 vendere
792 673 877 700 mos
899 667 990 701 erat.
1045 662 1156 702 etiam
1178 667 1290 701 antea
1319 662 1526 713 Iugurthae
1549 666 1569 699 6

113 718 188 757 filia
210 718 352 758 Bocchi
375 724 572 769 nupserat.
613 729 746 756 verum
768 729 809 756 ea
832 719 1077 758 necessitudo
1098 719 1201 770 apud
1220 718 1404 757 Numidas
1419 718 1527 758 Mau-

112 785 257 826 rosque
278 775 371 814 levis
392 774 559 821 ducitur,
578 774 666 824 quia
688 772 834 824 singuli
856 785 928 825 pro
951 774 1090 826 opibus
1113 774 1278 826 quisque
1301 787 1415 826 quam
1437 775 1526 826 plu-

112 843 243 869 rumas
265 842 419 878 uxores,
441 830 557 869 denas
580 830 641 868 alii
664 829 727 868 alii
744 829 867 880 pluris
882 830 1038 878 habent,
1061 831 1126 870 sed
1152 843 1263 882 reges
1285 843 1329 870 eo
1347 831 1526 882 amplius.

111 887 161 925 ita
183 886 335 925 animus
365 886 612 925 multitudine
635 885 880 925 distrahitur:
910 887 1015 926 nulla
1037 899 1108 939 pro
1131 887 1234 926 socia
1257 887 1428 938 optinet,
1458 900 1526 938 pa·
1550 893 1568 924 7

112 943 207 981 riter
227 954 363 982 omnes
385 942 476 981 viles
498 948 602 981 sunt.
644 942 764 993 igitur
784 942 823 981 in
846 942 975 982 locum
996 943 1184 982 ambobus
1213 944 1397 995 placitum
1419 955 1526 982 exer·
1552 946 1599 981 81

113 999 212 1038 citus
229 1000 480 1037 conveniunt.
510 998 562 1037 ibi
583 999 657 1037 fide
673 998 756 1037 data
773 1003 810 1037 et
825 1005 980 1051 accepta
996 999 1181 1050 Iugurtha
1197 999 1340 1038 Bocchi
1356 1000 1529 1039 animum

113 1054 287 1094 oratione
309 1055 504 1094 accendit:
528 1054 724 1093 Romanos
741 1054 920 1103 iniustos,
942 1056 1136 1107 profunda
1157 1056 1334 1104 avaritia,
1355 1068 1529 1095 commu-

112 1111 174 1150 nis
191 1111 366 1150 omnium
391 1111 515 1150 hostis
538 1123 646 1159 esse;
678 1111 838 1150 eandem
855 1112 942 1151 illos
964 1124 1118 1150 causam
1143 1111 1232 1151 belli
1262 1124 1350 1151 cum
1374 1112 1528 1151 Boccho

111 1167 268 1214 habere,
285 1179 399 1218 quam
416 1179 550 1206 secum
567 1173 707 1206 etcum
724 1167 807 1206 aliis
823 1168 1017 1219 gentibus,
1040 1168 1250 1207 lubidinem
1268 1168 1528 1219 imperitandi,

113 1223 201 1274 quis
222 1224 350 1262 omnia
384 1235 504 1274 regna
525 1224 683 1262 advorsa
704 1223 793 1262 sint.
844 1230 924 1263 tum
946 1237 1043 1275 sese,
1074 1225 1190 1275 paulo
1219 1230 1307 1263 ante
1331 1224 1528 1274 Carthagi—

114 1280 276 1327 niensis,
299 1279 388 1319 item
412 1291 543 1330 regem
562 1279 723 1327 Persen,
744 1286 832 1331 post
852 1281 908 1319 uti
930 1280 1096 1331 quisque
1118 1281 1453 1332 opulentissumus
1473 1281 1529 1319 vi-

113 1335 268 1383 deatur,
299 1336 349 1374 ita
370 1335 554 1375 Romanis
575 1336 727 1375 hostem
756 1336 851 1375 fore.
912 1337 967 1376 eis
987 1342 1103 1387 atque
1133 1337 1216 1375 aliis
1245 1337 1386 1375 talibus
1416 1335 1527 1375 dictis
1553 1343 1571 1374 2

111 1392 157 1431 ad
180 1391 321 1431 Cirtam
343 1392 530 1444 oppidum
546 1392 620 1431 iter
641 1393 900 1439 constituunt,
923 1393 1026 1444 quod
1048 1392 1100 1432 ibi
1122 1392 1197 1443 [Q.]
1214 1392 1392 1432 Metellus
1414 1405 1526 1444 prae-

111 1447 196 1487 dam
218 1448 467 1499 captivosque
489 1454 526 1487 et
545 1448 808 1500 inpedimenta
825 1449 1027 1488 locaverat.
1063 1449 1112 1487 ita
1128 1449 1315 1499 Iugurtha
1334 1455 1441 1488 ratus
1461 1455 1528 1488 aut
1550 1455 1570 1488 3

112 1510 220 1556 capta
242 1503 338 1544 urbe
359 1517 501 1556 operae
523 1504 694 1555 pretium
711 1505 793 1543 fore
815 1512 892 1553 aut,
915 1505 948 1543 si
970 1505 1046 1543 dux
1061 1504 1260 1544 Romanus
1282 1505 1423 1544 auxilio
1447 1505 1527 1544 suis

109 1561 287 1606 venisset,
310 1561 461 1611 proelio
486 1573 571 1600 sese
593 1566 820 1599 certaturos.
861 1573 951 1600 nam
974 1560 1134 1600 callidus
1164 1560 1200 1599 id
1223 1561 1337 1600 modo
1369 1561 1528 1600 festina-
1552 1568 1571 1600 4

109 1616 185 1663 bat,
207 1617 351 1655 Bocchi
368 1629 503 1668 pacem
524 1617 758 1665 inminuere,
781 1629 830 1655 ne
847 1629 975 1656 moras
992 1617 1171 1668 agitando
1189 1617 1293 1656 aliud
1314 1630 1430 1669 quam
1446 1618 1530 1657 bel-

108 1672 188 1712 lum
210 1673 352 1713 mallet.

220 1729 436 1781 Imperator
457 1733 662 1780 postquam
685 1728 732 1767 de
762 1740 899 1779 regum
924 1729 1106 1768 societate
1136 1729 1329 1780 cognovit,
1360 1741 1440 1768 non
1472 1734 1528 1768 te·
1554 1731 1602 1768 82

108 1796 214 1825 mere
234 1797 376 1836 neque,
399 1786 453 1824 uti
475 1797 590 1836 saepe
619 1785 696 1824 iam
716 1784 816 1822 victo
840 1784 1026 1835 Iugurtha
1049 1791 1315 1830 consueverat,
1346 1784 1528 1824 omnibus

108 1841 204 1880 loeis
233 1841 435 1893 pugnandi
455 1840 606 1892 copiam
635 1839 739 1879 facit.
782 1846 953 1879 ceterum
975 1840 1077 1880 haud
1099 1841 1236 1892 procul
1265 1840 1311 1880 ab
1335 1841 1437 1880 Cirta
1466 1853 1528 1880 ca·

108 1898 198 1936 stris
218 1897 380 1936 munitis
400 1908 511 1947 reges
533 1897 749 1947 opperitur,
780 1896 918 1935 melius
941 1909 1026 1936 esse
1046 1903 1152 1936 ratus
1181 1897 1348 1948 cognitis
1369 1897 1527 1943 Mauris,

108 1953 293 2005 quoniam
323 1953 356 1992 is
385 1964 506 1991 novos
536 1951 659 1991 hostis
689 1952 928 2002 adcesserat‚
961 1966 1007 1992 ex
1036 1953 1240 1992 commodo
1270 1965 1443 2005 pugnam
1472 1953 1528 1992 fa-

109 2021 208 2048 cere.
245 2009 398 2047 interim
421 2007 542 2047 Roma
563 2020 634 2059 per
654 2008 800 2048 litteras
821 2009 963 2049 certior
982 2010 1025 2048 fit
1044 2009 1282 2061 provinciam
1306 2009 1526 2048 Numidiam
1551 2017 1570 2048 2

108 2065 229 2104 Mario
250 2065 387 2112 datam,
411 2076 499 2103 nam
521 2064 723 2104 consulem
752 2065 894 2105 factum
917 2073 1007 2105 ante
1028 2072 1244 2117 acceperat.
1296 2066 1438 2117 quibus
1465 2078 1528 2105 re-

106 2121 180 2160 bus
201 2133 319 2172 supra
350 2120 497 2159 bonum
526 2126 591 2159 aut
619 2121 828 2161 honestum
849 2122 1054 2174 perculsus
1068 2153 1077 2170 ,
1109 2134 1238 2173 neque
1258 2122 1449 2162 lacrumas
1469 2127 1527 2161 te-

197 2268 216 2298 5
242 2265 402 2298 aduersus
420 2263 484 2305 PC,
501 2264 677 2298 aduersum
695 2265 723 2298 C
737 2265 750 2307 ll
766 2267 784 2299 8
810 2265 891 2298 belli
908 2266 938 2298 P
950 2265 962 2309 ΙΙ
985 2267 1023 2299 10
1043 2265 1112 2298 filia
1129 2265 1249 2298 bocchi
1270 2265 1303 2307 C,
1328 2265 1397 2298 filia
1415 2267 1447 2307 (a
1463 2276 1489 2297 s.
1503 2276 1529 2297 s.

106 2310 147 2350 P)
170 2310 302 2343 boccho
330 2308 393 2351 PC,
420 2308 558 2341 Nonius
588 2321 623 2352 p.
650 2310 717 2344 353
732 2309 745 2354 Η
765 2310 917 2344 numidas
952 2321 997 2342 ea:
1029 2310 1184 2343 numidos
1212 2310 1268 2354 ΡΙΙ
1288 2312 1327 2345 13
1353 2310 1445 2343 nulla
1462 2309 1529 2353 pc,

107 2354 233 2388 nullam
249 2354 306 2388 PC
321 2353 334 2398 ΙΙ
349 2354 481 2397 optinet
505 2355 564 2395 (ex
580 2354 663 2396 obt.)
687 2356 724 2397 Ρ,
749 2355 881 2389 obtinet
905 2355 961 2387 vel
984 2355 1137 2389 obtinent
1157 2355 1208 2399 Cu
1232 2357 1270 2388 18
1296 2360 1330 2388 et
1355 2365 1430 2388 cum
1455 2355 1530 2388 aliis

107 2400 158 2431 bis
179 2401 312 2442 scripta
336 2399 441 2431 semel
465 2403 641 2442 expuncta
664 2402 702 2432 in
718 2400 772 2443 ΡΙΙ
791 2400 942 2433 lubidine
959 2399 1013 2444 Pu
1032 2401 1074 2434 20
1099 2410 1239 2443 persen*
1259 2402 1296 2441 P,
1320 2410 1452 2444 persem
1476 2401 1531 2432 vel

106 2454 227 2487 persen
253 2443 367 2487 01122
392 2444 455 2476 iter
479 2444 689 2478 constituunt
712 2456 739 2478 s.
763 2456 788 2478 s.
815 2447 853 2477 in
876 2446 906 2477 P
921 2444 933 2488 ss
949 2444 995 2477 ibi
1021 2455 1052 2487 q.
1079 2445 1147 2487 (vel
1170 2445 1319 2488 quintus)
1346 2445 1388 2486 C,
1413 2445 1528 2489 ibique

104 2489 162 2523 PG
177 2488 190 2533 ΙΙ
205 2491 249 2522 24
273 2499 394 2532 operae
418 2489 562 2531 pretium
587 2487 643 2523 PC
673 2500 718 2521 ex
741 2491 866 2532 quibus
890 2500 982 2522 unus
1015 2500 1080 2522 om.
1105 2500 1227 2532 operae
1247 2489 1258 2532 [ί
1275 2489 1341 2522 dux
1370 2500 1528 2523 romanus

105 2533 178 2575 PG,
203 2533 269 2567 dux
295 2544 359 2566 om.
385 2537 449 2566 aut
469 2545 495 2566 s.
519 2545 544 2566 s.
572 2532 685 2575 0112ss
710 2544 821 2568 moras
847 2534 889 2575 C,
914 2545 992 2567 mox
1016 2533 1074 2567 PC
1095 2534 1168 2578 1132
1194 2535 1303 2568 fecere
1329 2545 1374 2566 ea:
1398 2534 1528 2568 faecere

105 2579 136 2611 P
150 2578 162 2622 ΙΙ
179 2581 221 2613 34
246 2578 368 2622 quibus
392 2578 456 2619 PC,
483 2579 557 2621 quis
577 2577 604 2610 C
620 2577 633 2621 l}
649 2580 690 2613 35
717 2584 774 2612 aut
790 2578 854 2621 PC,
880 2583 981 2623 atque
1002 2578 1029 2611 C
1044 2578 1055 2622 ll
1073 2583 1186 2613 tenere
1212 2590 1256 2612 ex
1278 2580 1395 2612 timere
1413 2581 1444 2613 P
