1709 2885
388 89 632 130 PRAEFATIO
657 88 866 122 EDITIONIS
891 87 1123 122 SECUNDAE.
1421 96 1468 120 vu

52 193 206 232 saeculo
246 193 455 232 undecimo
493 193 533 231 in
574 191 919 243 quaternionibus,
951 202 1119 241 quorum
1152 190 1306 229 numeri
1337 195 1469 228 extant

51 250 200 300 antiqui
222 249 262 288 in
284 249 371 288 imis
392 249 614 288 ultimarum
636 248 824 298 cuiusque
845 247 1076 298 paginarum
1097 246 1340 297 marginibus
1356 258 1469 296 prae-

52 312 110 344 ter
150 307 330 356 quintum
368 311 404 344 et
444 309 619 344 octavum
661 304 785 343 cultro
820 304 980 342 recisos.
1039 302 1165 341 ultimi
1201 302 1469 353 quaternionis

50 361 140 410 folia
170 362 397 411 ingentibus
427 361 577 400 lacunis
608 361 729 407 hiant,
760 365 804 399 ut
832 359 1100 398 ratiocinando
1131 358 1304 397 invenias
1334 357 1468 397 finisse

51 430 139 456 eum
169 418 211 456 in
249 418 376 457 verbis
406 417 490 468 lug.
527 419 616 463 110,
650 419 673 455 5
704 422 919 467 >ceteraque
959 415 1175 466 complesse
1214 414 1351 453 folium
1390 414 1469 453 sive

50 474 247 525 singulare
279 474 358 513 sive
388 474 483 512 noni
514 472 784 524 quaternionis
805 472 988 524 primum.
1050 471 1155 521 quod
1179 471 1315 509 folium
1337 471 1466 521 periit.

50 529 125 569 iam
154 530 245 568 licet
275 530 409 581 plures
450 542 529 568 uno
562 528 710 567 librarii
748 529 788 566 in
820 527 1056 579 pertexenda
1089 527 1264 566 oratione
1296 526 1468 565 Sallustii

50 586 257 625 desudasse
287 587 490 625 videantur
520 585 880 635 versiculorumque
916 596 1104 623 numerus
1144 584 1192 622 sit
1231 583 1270 621 in
1311 589 1467 634 quater-

50 641 235 681 nionibus
282 648 466 693 quattuor
510 641 708 693 prioribus
749 640 891 688 XXXI,
932 640 971 679 in
1011 639 1295 692 posterioribus
1337 638 1468 686 XXVI,

50 704 177 737 tamen
208 698 355 749 liquido
385 705 545 750 apparet
574 703 697 736 totum
720 697 892 735 codicem
915 703 952 736 et
974 696 1109 735 eodem
1131 701 1307 747 tempore
1338 707 1468 745 neque

50 766 96 793 ex
126 754 285 793 diversis
314 755 534 805 archetypis
564 753 843 804 transcriptum
878 765 975 792 esse.
1035 752 1129 803 quid
1167 752 1272 802 quod
1312 764 1355 790 ea
1385 751 1468 802 ipsa

48 822 138 861 pars
166 810 388 861 Iugurthae,
421 823 498 861 qua
527 815 661 849 carent
691 809 806 861 primi
837 810 987 848 ordinis
1016 809 1120 855 libri,
1164 809 1205 846 in
1227 808 1303 846 hoc
1333 807 1466 846 codice

48 878 165 905 manu
196 866 369 906 eiusdem
398 866 545 905 librarii
577 867 643 917 qui
673 865 849 917 proxima
881 865 1047 904 exaravit
1075 865 1136 903 bis
1167 864 1263 916 ipsis
1284 875 1355 902 suo
1381 863 1466 902 loco

49 922 310 962 continuatur.
362 923 617 962 nihilominus
646 934 719 973 per
743 927 867 960 totum
889 921 1033 960 librum
1054 921 1267 960 artissimae
1289 931 1378 959 cum
1400 931 1467 958 co-

48 978 198 1017 dicibus
229 979 378 1018 ordinis
398 979 514 1030 primi
537 978 781 1029 cognationis
811 984 927 1017 notae
948 977 1308 1029 deprehenduntur.
1355 975 1467 1016 cuius

47 1034 103 1073 rei
144 1047 236 1073 sane
271 1035 534 1074 memorabilis
565 1047 720 1074 causam
753 1035 883 1074 inveni
915 1034 1015 1072 hanc
1047 1046 1144 1072 esse.
1204 1033 1352 1071 scilicet
1382 1044 1467 1070 cer-

45 1090 205 1130 tissimis
245 1092 486 1142 argumentis
524 1091 619 1130 mihi
658 1096 809 1130 constat
848 1102 894 1129 ex
936 1090 1070 1129 eodem
1113 1089 1320 1141 archetypo
1361 1089 1467 1127 hunc

46 1146 190 1186 librum
221 1160 305 1187 esse
336 1148 616 1198 transcriptum
649 1160 668 1186 e
700 1160 778 1198 quo
814 1147 950 1186 eodem
989 1152 1166 1197 tempore
1206 1145 1467 1195 transcriptus

48 1209 106 1241 est
136 1203 235 1242 liber
261 1203 467 1243 Vaticanus
488 1205 597 1244 3325
629 1204 696 1254 qui
727 1203 819 1242 olim
848 1203 922 1242 fuit
952 1216 982 1241 s.
1006 1202 1110 1241 Petri
1134 1203 1174 1240 in
1195 1208 1328 1240 monte
1349 1201 1466 1239 Blan-

47 1259 153 1297 dinio
184 1260 287 1311 apud
318 1260 551 1299 Gandavum.
611 1260 651 1298 in
683 1272 729 1298 eo
760 1266 888 1298 autem
918 1259 1019 1297 libro
1051 1258 1113 1297 illa
1134 1258 1344 1308 Iugurthae
1376 1269 1466 1308 pars

47 1315 188 1354 omissa
235 1328 307 1354 suo
356 1316 443 1355 loco
491 1328 688 1366 manuque
735 1315 868 1354 aetatis
917 1315 1090 1353 eiusdem
1129 1314 1220 1352 licet
1259 1314 1408 1352 diversa
1446 1325 1466 1351 a

44 1370 169 1421 prima
199 1372 240 1410 in
271 1372 376 1411 calce
405 1372 494 1410 libri
525 1372 670 1411 adiecta
701 1378 770 1410 est.
830 1377 990 1422 apparet
1020 1371 1139 1420 igitur
1165 1369 1369 1409 Leidensis
1401 1381 1466 1407 co-

45 1427 141 1466 dicis
170 1427 372 1467 librarium
403 1428 443 1466 in
474 1429 559 1479 ipso
590 1428 800 1478 archetypo
831 1427 935 1465 illam
956 1433 1105 1477 partem
1127 1426 1349 1477 repperisse
1370 1437 1466 1476 sup-

44 1483 187 1534 pletam
225 1496 377 1535 suoque
415 1485 502 1523 loco
541 1484 775 1531 inseruisse,
823 1482 1069 1522 Blandiniani
1115 1483 1347 1533 scriptorem
1385 1493 1465 1520 non

44 1541 148 1579 item.
194 1540 268 1579 hoc
299 1540 419 1591 igitur
449 1541 683 1579 documento
714 1540 831 1590 longe
863 1552 978 1590 quam
999 1545 1108 1577 antea
1130 1538 1214 1577 fieri
1233 1538 1362 1589 potuit
1388 1537 1466 1576 cla-

43 1596 126 1635 rius
157 1597 367 1636 edocemur
397 1597 471 1636 iam
502 1596 657 1636 saeculo
688 1596 897 1635 undecimo
919 1595 1126 1646 utriusque
1148 1595 1314 1633 familiae
1336 1606 1465 1633 exem-

44 1652 166 1704 plaria
195 1653 397 1704 complura
428 1653 599 1692 extitisse
631 1652 765 1703 eisque
798 1653 901 1690 inter
931 1664 971 1691 se
1003 1651 1166 1690 conlatis
1196 1651 1304 1689 mixti
1333 1650 1466 1689 cuius-

44 1709 129 1747 dam
166 1709 321 1759 generis
360 1710 514 1749 codices
555 1709 747 1760 originem
785 1708 939 1747 debere.
999 1715 1174 1747 ceterum
1203 1707 1465 1758 Nipperdeius

44 1777 133 1804 cum
164 1766 277 1804 etiam
310 1778 355 1804 ex
386 1765 639 1816 Havercampi
671 1764 835 1803 exilibus
866 1764 1099 1803 testimoniis
1141 1764 1187 1802 de
1228 1763 1464 1814 praestantia

42 1820 131 1860 libri
152 1821 355 1860 Leidensis
376 1823 638 1861 coniecturam
662 1821 777 1872 cepit,
808 1820 898 1859 licet
919 1820 955 1859 id
978 1820 1083 1871 quod
1104 1832 1176 1871 ego
1198 1819 1361 1870 exposui
1382 1831 1463 1858 non

42 1878 215 1928 potuerit
242 1878 409 1925 odorari,
440 1878 536 1916 recti
568 1890 644 1928 quo
676 1876 839 1916 callebat
868 1889 1027 1915 sensum
1058 1875 1336 1927 comprobavit.
1397 1875 1464 1914 sed

44 1945 152 1972 nunc
181 1933 353 1972 Vaticani
382 1939 497 1984 atque
519 1933 722 1973 Leidensis
754 1933 932 1972 codicum
963 1932 1199 1972 lectionibus
1230 1931 1463 1983 comparatis

46 2011 94 2017 —
129 1989 318 2040 exscripsi
349 1996 479 2028 autem
510 1990 715 2041 utriusque
745 1988 835 2028 libri
865 1989 1166 2041 discrepantiam
1197 1994 1315 2027 totam
1347 2000 1464 2038 quam

0 2067 1 2079 κ
41 2046 154 2096 potui
192 2046 484 2085 accuratissime
513 2069 568 2074 -
598 2046 819 2086 luculenter
855 2046 949 2084 mihi
990 2045 1171 2097 apparuit
1209 2045 1463 2095 archetypum

41 2101 137 2141 illud
166 2102 296 2153 ipsum
317 2102 495 2141 Parisino
526 2102 695 2154 utrique,
728 2114 896 2154 quorum
928 2102 1065 2153 exigua
1095 2108 1151 2140 est
1177 2101 1389 2148 diversitas,
1421 2100 1462 2139 in

41 2157 159 2197 rebus
189 2158 389 2209 plerisque
420 2171 583 2209 prorsus
613 2159 812 2210 geminum
844 2171 940 2198 esse.
1000 2159 1171 2210 pertinet.
1199 2157 1264 2196 hic
1295 2169 1462 2196 consen-

42 2226 110 2253 sus
148 2215 261 2254 etiam
303 2215 347 2254 ad
389 2221 596 2254 extremam
634 2215 859 2266 Iugurthini
887 2214 978 2253 belli
1009 2220 1182 2266 partem,
1215 2226 1331 2264 quam
1362 2213 1462 2251 infra

43 2270 120 2309 dixi
151 2271 269 2322 longe
292 2271 406 2310 etiam
428 2270 692 2311 crebrioribus
723 2284 838 2322 quam
870 2271 995 2310 adhuc
1015 2272 1139 2310 visum
1161 2276 1218 2309 est
1240 2269 1462 2309 omissioni-

40 2327 115 2366 bus
153 2327 274 2366 biare.
335 2340 457 2366 unum
496 2327 627 2366 locum
674 2328 863 2379 excipiam
912 2327 959 2366 de
1004 2339 1082 2379 quo
1126 2334 1290 2378 propter
1339 2327 1462 2377 ipsam

41 2383 348 2434 singularitatem
380 2384 454 2422 boc
485 2383 571 2422 loco
593 2383 779 2423 lectorem
799 2384 1019 2423 accuratius
1034 2384 1203 2429 ‚edocere
1225 2384 1340 2422 iuvat.
1372 2393 1462 2420 nam

41 2439 123 2490 lug.
148 2452 180 2478 c.
203 2441 270 2488 94,
298 2443 315 2480 1
350 2453 437 2479 cum
470 2440 510 2478 in
532 2439 616 2478 solo
637 2440 737 2479 libro
757 2439 935 2479 Parisino
958 2440 1071 2479 Sorb.
1096 2442 1175 2480 500
1206 2440 1390 2478 traditum
1412 2438 1461 2477 sit

40 2503 202 2536 ceterum
232 2496 292 2536 illi
319 2500 385 2548 qui
412 2509 430 2535 e
460 2499 639 2536 centuriis
669 2504 778 2536 erant
802 2497 998 2548 praedocti
1026 2509 1060 2536 e.
1083 2508 1120 2546 q.
1148 2508 1214 2543 ss,
1247 2496 1287 2534 in
1320 2494 1460 2534 ceteris

42 2551 212 2592 eiusdem
245 2553 401 2603 generis
432 2552 612 2604 plurimis
652 2553 888 2604 optimisque
919 2553 1065 2604 (itaque
1104 2564 1223 2591 manu
1262 2553 1381 2592 altera
1419 2551 1460 2589 in

1142 2617 1188 2650 a*
