1709 2885
160 87 216 128 26
668 91 702 124 C.
722 89 927 124 SALLUSTI
951 89 1087 124 CRlSPI

162 194 266 233 cium
295 193 390 233 illud
420 205 441 233 a
469 192 511 232 P.
545 193 736 233 Autronio
772 193 1054 240 machinatum,
1091 205 1169 245 quo
1202 193 1353 234 facilius
1387 194 1581 246 appellato

163 250 302 290 Crasso
334 262 405 301 per
434 249 657 289 societatem
687 249 850 301 periculi
885 248 1057 300 reliquos
1086 249 1189 288 illius
1219 250 1392 301 potentia
1422 256 1581 302 tegeret.

117 311 138 344 8
163 306 226 346 alii
247 305 505 357 Tarquinium
525 318 545 344 a
568 305 756 345 Cicerone
785 305 990 345 inmissum
1010 305 1184 352 aiebant,
1208 319 1256 345 ne
1287 305 1448 347 Crassus
1472 319 1581 347 more

162 374 234 402 suo
269 368 451 414 suscepto
486 363 677 401 malorum
712 361 929 413 patrocinio
963 374 1044 401 rem
1082 362 1278 414 publicam
1318 363 1581 403 conturbaret.

119 423 139 456 9
163 419 290 470 ipsum
315 418 496 458 Crassum
532 430 603 469 ego
642 425 774 469 postea
809 417 1093 469 praedicantem
1122 418 1269 466 audivi,
1299 424 1442 459 tantam
1478 419 1583 459 illam

161 474 437 514 contumeliam
459 474 531 513 sibi
554 474 599 513 ab
623 474 810 514 Cicerone
831 474 1052 525 inpositam.

82 531 138 569 49
276 531 351 571 Sed
382 530 503 569 isdem
534 530 776 581 temporibus
805 530 850 576 Q.
874 530 1031 570 Catulus
1062 536 1099 570 et
1121 531 1160 570 C.
1183 530 1272 570 Piso
1294 543 1423 583 neque
1453 531 1581 584 pretio

162 599 290 638 neque
312 586 432 638 gratia
450 586 675 626 Ciceronem
699 586 887 638 inpellere
908 593 1084 639 potuere,
1107 587 1164 626 uti
1184 599 1257 639 per
1271 587 1500 639 Allobroges
1515 592 1584 627 aut

119 649 138 681 2
161 643 278 683 alium
310 643 478 682 indicem
507 643 547 682 C.
579 642 716 682 Caesar
744 643 838 682 salso
868 644 1147 683 nominaretur.
1190 656 1279 683 nam
1300 649 1466 695 uterque
1491 655 1581 684 cum

162 700 227 739 illo
251 699 377 751 gravis
397 699 619 738 inimicitias
639 699 889 739 exercebant:
913 700 1002 739 Piso
1024 706 1272 752 oppugnatus
1294 700 1333 739 in
1350 699 1497 739 iudicio
1511 712 1582 752 pe·

161 756 366 795 cuniarum
395 756 701 807 repetundarum
732 763 894 807 propter
922 756 1121 796 cuiusdam
1151 756 1399 808 transpadani
1430 755 1583 808 suppli-

162 813 265 852 cium
295 812 507 860 iniustum,
537 810 695 851 Catulus
726 825 770 851 ex
792 812 979 863 petitione
1001 813 1248 864 pontificatus
1268 813 1356 852 odio
1382 812 1583 862 incensus,

163 869 267 921 quod
288 874 457 907 extrema
478 874 620 915 aetate,
642 868 832 907 maxumis
853 869 1069 908 honoribus
1092 881 1199 917 usus,
1222 869 1268 908 ab
1288 868 1583 909 adulescentulo

117 930 139 963 3
163 924 323 964 Caesare
340 925 463 963 victus
483 924 724 965 discesserat.
766 937 827 964 res
848 932 976 964 autem
998 931 1218 977 opportuna
1237 924 1450 974 videbatur,
1477 923 1584 976 quod

162 982 194 1020 is
215 981 393 1033 privatim
414 981 567 1032 egregia
589 980 827 1028 liberalitate,
844 981 999 1033 publice
1014 982 1203 1020 maxumis
1218 981 1449 1021 muneribus
1465 993 1582 1032 gran-

116 1044 139 1076 4
162 1038 248 1077 dem
284 1037 490 1089 pecuniam
525 1037 699 1076 debebat.
740 1037 807 1077 sed
842 1037 908 1076 ubi
945 1038 1144 1077 consulem
1174 1038 1220 1077 ad
1249 1044 1399 1078 tantum
1428 1037 1582 1077 facinus

161 1093 350 1146 inpellere
368 1099 583 1144 nequeunt,
600 1094 673 1145 ipsi
691 1094 913 1145 singillatim
931 1094 1210 1133 circumeundo
1226 1099 1342 1145 atque
1361 1094 1583 1134 ementiun-

161 1151 210 1190 do
232 1163 331 1202 quae
352 1163 394 1189 se
415 1162 461 1189 ex
483 1149 679 1188 Volturcio
711 1156 775 1189 aut
797 1150 1070 1201 Allobrogibus
1098 1150 1251 1189 audisse
1281 1150 1474 1196 dicerent,
1503 1162 1583 1190 ma·

160 1219 275 1258 guam
293 1206 346 1245 illi
364 1205 543 1245 invidiam
562 1207 833 1254 conflaverant,
857 1218 980 1256 usque
998 1219 1042 1244 eo
1062 1213 1105 1245 ut
1122 1217 1202 1246 non
1221 1205 1320 1245 nulli
1337 1206 1488 1257 equites
1501 1205 1582 1246 Ro·

158 1263 276 1310 mani,
308 1263 374 1314 qui
403 1262 568 1313 praesidi
593 1275 708 1301 eausa
734 1274 822 1301 curn
844 1262 930 1301 telis
952 1267 1062 1301 erant
1082 1263 1229 1301 circum
1254 1262 1385 1302 aedem
1409 1261 1582 1302 Concor-

159 1320 264 1365 diae,
286 1331 356 1357 seu
378 1317 544 1369 periculi
566 1318 833 1368 magnitudine
854 1331 922 1358 seu
944 1319 1061 1358 animi
1084 1319 1295 1358 mobilitate
1316 1318 1474 1370 inpulsi,
1500 1331 1580 1371 quo

159 1375 332 1415 studium
362 1386 477 1413 suum
508 1375 546 1413 in
578 1386 659 1413 rem
683 1374 876 1426 publicam
899 1375 1041 1414 clarius
1063 1381 1183 1423 esset,
1214 1375 1431 1426 egredienti
1451 1387 1498 1415 ex
1518 1388 1581 1415 se-

159 1439 251 1472 natu
275 1429 425 1470 Caesari
448 1430 573 1481 gladio
596 1431 883 1470 minitarentur.

81 1490 135 1527 50
271 1487 371 1527 Dum
401 1487 496 1525 haec
526 1487 565 1525 in
588 1495 722 1526 senatu
745 1494 916 1538 aguntur
936 1495 972 1527 et
994 1487 1086 1526 dum
1107 1487 1243 1538 legatis
1265 1486 1517 1539 Allobrogum
1543 1493 1581 1527 et

158 1543 202 1583 T.
226 1543 444 1589 Volturcio,
475 1542 716 1594 conprobato
748 1555 883 1582 eorum
914 1543 1078 1590 indicio,
1102 1544 1271 1595 praemia
1297 1543 1580 1592 decernuntur,

157 1600 286 1646 liberti
317 1606 354 1639 et
383 1599 496 1650 pauci
529 1612 574 1638 ex
596 1598 803 1638 clientibus
824 1599 976 1639 Lentuli
1001 1600 1163 1639 divorsis
1185 1600 1391 1639 itineribus
1421 1600 1581 1652 opifices

157 1662 274 1707 atque
304 1656 454 1695 servitia
486 1656 525 1694 in
554 1655 647 1694 vicis
679 1656 724 1694 ad
747 1668 835 1694 eum
859 1656 1109 1708 eripiundum
1132 1655 1409 1706 sollicitabant,
1440 1656 1582 1708 partim

159 1712 414 1764 exquirebant
443 1712 560 1751 duces
592 1712 904 1758 multitudinum,
937 1712 1002 1763 qui
1034 1713 1158 1763 pretio
1189 1724 1270 1751 rem
1301 1712 1497 1764 publicam
1517 1725 1582 1752 ve·

116 1775 136 1808 2
159 1781 250 1808 xare
281 1768 382 1807 soliti
414 1774 534 1807 erant.
587 1768 780 1819 Cethegus
808 1774 936 1807 autem
969 1781 1039 1819 per
1068 1769 1228 1808 nuntios
1258 1769 1439 1808 familiam
1464 1775 1580 1820 atque

158 1825 320 1864 libertos
349 1837 442 1864 suos
462 1824 584 1863 lectos
614 1832 651 1864 et
673 1825 902 1864 exercitatos
923 1825 1057 1863 orabat
1083 1825 1138 1873 [in
1161 1825 1372 1874 audaciam]
1396 1831 1437 1864 ut
1462 1837 1580 1877 grege

114 1887 136 1920 3
159 1882 259 1921 facto
289 1893 377 1920 eum
407 1880 490 1920 telis
518 1881 564 1919 ad
593 1892 677 1919 sese
707 1881 990 1932 inrumperent.
1032 1881 1168 1920 consul
1201 1881 1266 1920 ubi
1289 1893 1332 1920 ea
1362 1881 1488 1932 parari
1514 1893 1581 1921 co·

159 1938 313 1990 gnovit‚
337 1937 534 1988 dispositis
556 1937 780 1988 praesidiis,
804 1944 846 1976 ut
868 1949 929 1976 res
951 1945 1065 1989 atque
1087 1943 1242 1989 tempus
1262 1937 1466 1986 monebat,
1487 1949 1579 1977 con-

159 2000 292 2033 vocato
322 1999 458 2032 senatu
490 1993 607 2032 refert
637 1993 729 2043 quid
761 1994 806 2032 de
829 1994 883 2033 eis
913 1994 995 2034 fieri
1019 1994 1187 2045 placeat,
1210 1993 1276 2045 qui
1299 1994 1339 2033 in
1366 1993 1581 2034 custodiam

248 2118 267 2149 2
295 2115 466 2158 potentiae
492 2113 544 2158 PH
565 2117 580 2147 ἲ
610 2125 717 2157 neque
743 2115 850 2158 pretio
878 2126 985 2157 neque
1012 2116 1118 2158 gratia
1143 2116 1250 2148 Prisc.
1273 2114 1339 2147 vol.
1362 2114 1432 2157 lp.
1457 2115 1524 2149 539
1549 2119 1582 2148 el

156 2163 318 2194 imitator
335 2161 522 2202 Septimius
540 2160 622 2192 belli
643 2160 735 2193 Troi.
754 2162 781 2200 Ι,
800 2160 839 2193 18
864 2160 925 2198 (ef.
941 2161 1016 2201 Ing.
1034 2162 1085 2202 16,
1103 2163 1129 2193 1.
1145 2160 1199 2202 29,
1212 2161 1234 2193 3
1260 2160 1328 2193 Cic.
1343 2169 1376 2202 p.
1389 2159 1488 2193 Base.
1502 2161 1580 2194 Am.

157 2207 212 2248 28,
227 2207 269 2239 76
287 2206 388 2239 serr.
410 2207 439 2245 1,
455 2205 553 2246 1236ss
580 2216 689 2248 neque
709 2205 862 2248 precibus
881 2216 988 2248 neque
1007 2206 1113 2247 gratia
1131 2215 1240 2248 neque
1258 2204 1365 2247 pretio
1383 2203 1447 2245 PC,
1471 2215 1582 2248 neque

157 2251 266 2294 gratia
290 2260 399 2293 neque
424 2250 579 2292 precibus
605 2260 714 2293 neque
738 2250 845 2293 pretio
872 2261 889 2280 z
907 2250 918 2293 {j
938 2252 956 2281 8
975 2250 1100 2293 impelli
1125 2250 1231 2293 quiuit
1250 2251 1355 2283 Prisc.
1381 2249 1402 2281 l.
1425 2260 1464 2291 c.,
1489 2249 1581 2283 inlici

159 2297 266 2339 quiuit
282 2295 437 2335 (Cicer-0)
453 2294 544 2337 Sept.
564 2295 583 2327 I.
600 2306 627 2327 e.
642 2297 746 2327 verba
760 2295 908 2327 Sallusti
925 2296 1099 2338 71!‘C])lr¹7ll¹
1116 2306 1179 2328 nec
1195 2297 1358 2328 accurate
1381 2294 1581 2335 reddentem

160 2341 332 2384 impellere
357 2340 495 2382 quiuere
509 2340 693 2372 Pulselu‘us
711 2340 723 2383 ΙΙ
740 2344 795 2373 aut
810 2350 868 2382 per
889 2339 990 2372 alium
1007 2340 1041 2381 C,
1066 2351 1124 2383 per
1145 2350 1210 2372 om.
1223 2339 1279 2373 PC
1291 2338 1303 2383 ΙΙ
1327 2341 1364 2372 10
1379 2340 1582 2374 exercebant

160 2386 223 2428 PC,
241 2385 419 2420 exercebat
436 2384 515 2427 pCli
536 2388 750 2428 oppugnatus
775 2395 819 2416 m:
843 2384 1069 2427 adpugnantis
1088 2387 1118 2418 P
1131 2385 1143 2428 Η
1165 2386 1201 2419 12
1216 2388 1297 2426 post
1311 2384 1475 2426 petitione
1499 2387 1537 2418 in
1554 2387 1586 2419 P

156 2435 285 2475 septem
301 2430 377 2470 sere
395 2429 542 2470 litterae,
557 2441 707 2471 quarum
720 2432 839 2473 prima
858 2440 877 2472 p
894 2428 976 2471 fnit,
993 2441 1114 2462 erasae
1129 2430 1141 2473 Η
1164 2432 1201 2463 15
1216 2429 1415 2462 liberalitate
1432 2429 1467 2471 C,
1480 2430 1582 2464 liber-

160 2480 228 2510 tate
248 2474 328 2519 PGH
352 2477 387 2509 17
416 2474 610 2517 singulatim
633 2486 657 2518 p
683 2475 728 2514 ef.
753 2475 783 2508 J.
809 2475 862 2515 42,
887 2476 907 2507 5
927 2475 938 2515 ll
960 2478 997 2508 19
1024 2485 1063 2508 eo
1081 2475 1145 2516 PC,
1170 2474 1253 2508 adeo
1273 2473 1324 2517 CH
1345 2475 1386 2507 20
1413 2474 1528 2508 aedem
1542 2486 1578 2518 p,

157 2521 276 2554 eadem
289 2522 318 2553 P
332 2520 344 2563 ss
362 2522 401 2553 27
417 2520 502 2552 uicis
515 2531 560 2551 er
573 2521 652 2553 uitis
666 2522 696 2553 P
707 2521 718 2562 ll
738 2522 780 2554 30
794 2525 864 2552 ets.
879 2530 904 2552 ε.
920 2521 949 2552 P
961 2521 971 2561 Ιξ
992 2520 1109 2553 orabat
1123 2520 1155 2552 in
1168 2519 1340 2552 audaciam
1354 2519 1417 2561 PC,
1431 2520 1466 2553 in
1478 2519 1579 2554 auda-

157 2567 244 2600 ciam
270 2566 387 2598 orabat
412 2576 442 2606 z,
468 2575 617 2607 quorum
642 2576 733 2597 unus
758 2575 822 2597 0771.
849 2565 882 2597 in
909 2565 1092 2605 audaciam,
1117 2565 1234 2597 eadem
1261 2564 1388 2597 delevit
1410 2565 1560 2599 Dictat-h·

1612 707 1677 758 ιοἸ

1613 959 1709 1021 ι5ῗ

1609 1248 1686 1302 20⁷

1609 1551 1650 1584 25

1609 1832 1689 1866 30.

1687 2518 1709 2583 ’ἒ

1690 2643 1709 2690 ἑ
