1709 2885
471 99 526 133 DE
552 98 870 133 CONIURATIONE
894 98 1119 132 CATILINAE
1452 96 1506 134 29

95 202 251 254 negotio
282 202 405 253 legem
428 202 584 251 timere,
615 214 703 241 cum
725 214 808 241 eam
828 202 869 240 in
898 201 1044 241 maiore
1065 199 1313 251 neglegeris?
1343 205 1382 239 at
1402 200 1506 239 enim
1529 206 1570 239 25

95 259 182 310 quis
203 259 475 310 reprehendet,
507 258 610 309 quod
630 259 670 296 in
692 258 901 309 parricidas
923 258 978 297 rei
996 258 1173 308 publicae
1191 258 1387 296 decretum
1405 255 1507 296 erit?

93 321 248 366 tempus
288 314 368 354 dies
401 315 576 360 fortuna,
613 314 724 353 cuius
762 314 894 353 lubido
929 314 1111 364 gentibus
1138 313 1374 352 moderatur.
1432 312 1509 352 illis

94 370 234 410 merito
251 371 398 409 accidet
419 370 606 422 quidquid
623 372 804 409 evenerit.
842 375 1013 409 ceterum
1034 382 1114 417 vos,
1136 374 1264 420 patres
1282 369 1508 420 conscripti,
1531 375 1571 407 26

46 435 66 467 5
95 427 186 479 quid
207 426 247 465 in
269 426 364 466 alios
381 427 557 466 statuatis
579 427 832 465 considerate.
869 426 997 465 omnia
1016 425 1115 464 mala
1136 424 1309 476 exempla
1330 437 1376 463 ex
1391 425 1510 464 rebus
1532 431 1570 464 27

95 483 209 522 bonis
226 489 307 522 orta
325 488 430 522 sunt.
461 483 528 522 sed
544 482 610 521 ubi
626 482 834 533 imperium
850 483 896 522 ad
911 483 1067 533 ignaros
1083 481 1195 531 [eius]
1211 487 1276 520 aut
1292 481 1423 520 minus
1438 481 1510 520 bo-

95 551 168 578 nos
189 540 378 590 pervenit,
398 551 538 578 novom
560 538 654 577 illud
687 539 904 589 exemplum
928 539 975 577 ab
996 538 1123 588 dignis
1145 543 1182 577 et
1202 537 1353 576 idoneis
1380 537 1428 576 ad
1449 537 1510 575 in-

94 595 233 645 dignos
256 601 293 634 et
313 608 394 634 non
416 595 578 634 idoneos
598 595 843 633 transfertur.
892 594 1184 633 Lacedaemonii
1205 593 1364 633 devictis
1392 593 1510 632 Athe·
1532 601 1573 635 28

94 651 299 690 niensibus
320 651 491 702 triginita
506 651 607 689 viros
628 651 852 702 inposuere,
875 651 941 702 qui
961 663 1042 689 rem
1063 650 1259 701 publicam
1281 654 1510 689 6013111113-

28 715 68 747 10
97 712 257 746 ctarent.
301 707 333 746 ei
356 707 481 758 primo
504 719 668 758 coepere
689 719 915 758 pessumum
938 719 1131 758 quemque
1154 713 1189 745 et
1210 706 1392 745 omnibus
1412 705 1510 745 invi·
1533 714 1574 747 29

93 775 180 802 sum
195 763 460 802 indemnatum
477 775 630 803 necare.
666 775 709 802 ea
723 763 894 814 populus
910 764 1041 802 laetari
1059 768 1095 802 et
1110 763 1250 801 merito
1268 763 1396 801 dicere
1412 762 1508 801 fieri.

92 824 182 870 post
203 819 267 858 ubi
288 819 472 870 paulatim
492 819 646 858 licentia
669 820 799 866 crevit,
820 820 924 858 iuxta
946 820 1070 858 bonos
1092 824 1128 858 et
1148 819 1268 857 malos
1288 819 1510 857 lubidinose
1532 827 1573 859 30

92 876 332 921 interficere,
364 881 515 914 ceteros
536 882 642 914 metu
670 882 837 914 terrere:
880 876 929 914 ita
951 876 1082 914 civitas
1111 875 1294 914 servitute
1324 875 1509 926 obpressa
1533 883 1570 915 31

94 931 234 970 stultae
254 931 420 970 laetitiae
443 932 566 982 gravis
589 944 734 983 poenas
756 931 871 970 dedit.
908 938 1041 970 nostra
1060 932 1246 971 memoria
1266 932 1388 970 victor
1403 931 1510 970 Sulla
1533 939 1573 971 32

30 994 67 1027 15
97 999 184 1026 cum
205 987 481 1039 Damasippum
512 994 550 1027 et
569 989 664 1027 alios
686 988 896 1036 eiusmodi,
929 989 995 1039 qui
1016 989 1116 1026 malo
1137 988 1194 1027 rei
1225 988 1403 1039 publicae
1424 1000 1510 1026 cre-

93 1050 239 1091 verant,
270 1044 438 1094 iugulari
459 1044 583 1092 iussit,
605 1046 692 1095 quis
715 1057 794 1083 non
817 1046 959 1083 sactum
980 1045 1064 1083 eius
1084 1043 1290 1083 laudabat?
1331 1044 1511 1083 homines

94 1099 278 1139 scelestos
295 1105 332 1138 et
348 1100 543 1149 factiosos,
561 1101 626 1151 qui
637 1100 894 1140 seditionibus
911 1113 991 1139 rem
1003 1101 1199 1152 publicam
1216 1101 1510 1151 exagitaverant,

93 1156 231 1194 merito
261 1162 419 1195 necatos
448 1157 613 1196 aiebant.
664 1157 731 1195 sed
752 1169 795 1196 ea
825 1169 887 1196 res
907 1170 1071 1207 magnae
1091 1157 1245 1196 initium
1277 1157 1394 1196 cladis
1422 1157 1510 1195 fuit.
1535 1165 1573 1197 33

96 1224 184 1249 nam
207 1211 263 1250 uti
285 1212 451 1263 quisque
476 1213 632 1251 domum
655 1220 721 1252 aut
740 1213 883 1260 villam,
913 1219 1110 1264 postremo
1131 1226 1195 1252 vas
1217 1218 1282 1252 aut
1302 1213 1512 1252 vestimen-

27 1273 66 1306 20
95 1273 179 1306 tum
199 1267 363 1307 alicuius
386 1269 670 1320 concupiverat,
701 1269 812 1308 dabat
831 1282 989 1321 operam
1011 1276 1055 1308 ut
1074 1270 1106 1309 is
1127 1270 1167 1308 in
1197 1269 1512 1321 proscriptorum

94 1336 258 1362 numero
281 1330 394 1363 essct.
452 1325 502 1363 ita
523 1325 599 1374 illi,
631 1325 771 1376 quibus
793 1326 1015 1377 Damasippi
1043 1338 1149 1364 mors
1179 1325 1344 1364 laetitiae
1373 1326 1511 1375 fuerat,
1534 1333 1574 1366 34

93 1380 210 1431 paulo
226 1387 316 1430 post
335 1380 409 1431 ipsi
424 1381 686 1429 trahebantur,
703 1394 836 1433 ⁴neque
854 1382 962 1433 prius
983 1382 1070 1420 finis
1087 1381 1287 1431 iugulandi
1308 1381 1381 1420 fuit
1396 1394 1511 1432 quam

94 1435 202 1474 Sulla
219 1437 345 1474 omnis
361 1449 453 1476 suos
470 1437 609 1476 divitiis
624 1437 801 1488 explevit.
833 1444 948 1488 atque
966 1451 1036 1489 ego
1053 1439 1148 1476 haec
1165 1450 1244 1476 non
1260 1438 1300 1476 in
1317 1437 1366 1476 M.
1383 1437 1511 1476 Tullio
1535 1446 1575 1478 35

95 1491 224 1542 neque
245 1492 305 1531 his
325 1493 569 1543 temporibus
590 1506 744 1538 vereor,
772 1494 838 1532 sed
860 1494 898 1531 111
920 1506 1059 1543 magna
1081 1493 1231 1532 civitate
1252 1493 1371 1532 multa
1392 1499 1430 1532 et
1449 1507 1513 1533 va-

11 1544 64 1586 '25
94 1548 150 1586 ria
170 1547 325 1599 ingenia
348 1555 452 1588 sunt.
494 1554 623 1600 potest
643 1549 716 1588 alio
738 1555 915 1600 tempore
936 1549 1010 1588 alio
1033 1549 1217 1596 consule,
1249 1550 1312 1588 cui
1333 1550 1424 1589 item
1446 1562 1513 1589 ex·
1536 1558 1575 1590 36

94 1603 237 1643 ercitus
259 1605 299 1643 in
320 1617 439 1643 manu
461 1605 531 1652 sit,
564 1605 701 1644 falsum
725 1605 870 1657 aliquid
892 1618 963 1656 pro
986 1618 1074 1645 vero
1097 1606 1223 1645 credi:
1256 1605 1321 1644 ubi
1343 1606 1418 1645 hoc
1448 1619 1513 1645 ex-

94 1661 222 1711 emplo
253 1673 325 1712 per
356 1666 514 1700 senatus
537 1661 734 1700 decretum
761 1662 899 1701 consul
921 1662 1089 1712 gladium
1111 1662 1307 1710 eduxerit,
1340 1663 1427 1713 quis
1457 1662 1515 1702 illi

90 1716 208 1755 finem
230 1722 371 1756 statuet
390 1724 456 1756 aut
477 1718 564 1769 quis
583 1717 875 1757 moderabitur?
904 1719 1072 1757 maiores
1088 1719 1232 1762 nostri,
1255 1723 1385 1769 patres
1416 1731 1511 1759 con-
1535 1728 1572 1759 37

93 1773 251 1824 scripti,
286 1783 414 1827 neque
435 1774 574 1813 consili
606 1787 735 1825 neque
764 1774 944 1813 audaciae
974 1787 1157 1824 umquam
1190 1786 1351 1825 eguere,
1383 1788 1511 1826 neque

24 1833 65 1866 30
93 1827 169 1866 illis
190 1829 371 1880 superbia
394 1829 570 1869 obstabat
590 1842 667 1880 quo
689 1831 820 1869 minus
841 1830 965 1869 aliena
986 1830 1174 1873 instituta.
1197 1830 1229 1869 si
1250 1831 1365 1869 modo
1388 1831 1512 1882 proba

94 1890 216 1932 erant,
247 1885 504 1924 imitarentur.
546 1898 650 1924 arma
671 1892 785 1936 atque
805 1886 880 1925 tela
900 1887 1079 1925 militaria
1100 1887 1146 1925 ab
1167 1887 1419 1936 Samnitibus,
1449 1887 1510 1926 in-
1534 1895 1573 1929 38

94 1941 219 1990 signia
239 1941 532 1989 magistratuum
554 1941 599 1980 ab
621 1942 759 1981 Tuscis
780 1942 967 1993 pleraque
997 1948 1262 1994 sumpserunt.
1313 1949 1511 1994 postremo

93 1996 198 2046 quod
214 1996 360 2047 ubique
377 1997 480 2048 apud
501 1998 628 2036 socios
643 2004 709 2037 aut
724 1998 845 2038 hostis
861 1999 1045 2038 idoneum
1062 1999 1274 2047 videbatur,
1297 2012 1387 2038 cum
1403 2013 1510 2039 sum-

93 2064 157 2090 mo
179 2052 306 2109 stadio
324 2053 427 2091 domi
448 2053 752 2104 exequebantur,
774 2056 914 2094 imitari
939 2068 1052 2106 quam
1070 2055 1242 2094 invidere
1263 2055 1377 2095 bonis
1391 2057 1509 2096 male—

20 2112 63 2147 35
93 2107 199 2147 bant.
249 2108 317 2148 sed
338 2110 474 2149 eodem
505 2110 570 2149 illo
592 2116 767 2163 tempore
799 2111 980 2167 Graeciae
1000 2124 1149 2167 morem
1180 2112 1317 2151 imitati
1337 2112 1507 2165 verberi·
1531 2120 1571 2153 39

187 2210 201 2240 1
230 2208 418 2250 neglegeris
436 2207 492 2241 PC
515 2210 672 2251 (nnusl’),
696 2210 883 2252 neglexeris
901 2211 963 2244 VC
979 2210 990 2253 ΙΙ
1007 2213 1025 2243 2
1052 2211 1114 2243 erit
1139 2223 1184 2243 ea:
1209 2215 1279 2244 erat
1295 2211 1351 2255 ΡΙΙ
1369 2214 1388 2245 6
1413 2212 1511 2245 bonis

93 2252 192 2294 PVC,
206 2252 400 2286 domesticis
411 2252 637 2287 Cdeterz'ores
656 2254 667 2298 ΙΙ
683 2255 818 2297 ignaros
830 2269 845 2285 ηε
860 2270 875 2285 *
890 2269 905 2285 *
920 2269 935 2285 *
948 2256 1032 2295 (eius
1047 2257 1148 2293 Orus.)
1162 2257 1342 2299 P‚ign31'OS
1360 2256 1511 2299 eiusl‘ss',

93 2296 228 2339 ignaros
245 2298 401 2340 (ignauos
413 2300 517 2338 unus)
536 2299 626 2332 ciues
639 2300 743 2341 (ciues
758 2302 795 2332 in
808 2311 876 2343 mg.
888 2312 932 2334 m.
946 2301 1084 2342 21mus)
1100 2301 1126 2333 C
1142 2302 1153 2344 {l
1175 2303 1212 2334 18
1226 2302 1357 2335 initium
1370 2312 1512 2344 magnae

94 2341 200 2375 cladis
214 2343 250 2375 V
261 2343 272 2384 Η
295 2344 334 2376 19
361 2346 417 2376 aut
443 2343 556 2376 uillam
580 2346 681 2378 Ps..‹›·.
700 2344 711 2388 ΙΙ
731 2349 788 2378 aut
806 2349 890 2388 post
911 2347 1151 2379 uestimentum
1176 2358 1262 2379 eraS.
1280 2350 1318 2378 z'n
1343 2349 1372 2380 P
1387 2346 1398 2391 Η
1416 2349 1457 2380 20
1483 2347 1510 2379 is

93 2398 158 2420 s..s·.
173 2387 226 2430 Pl}
246 2389 285 2420 21
314 2387 378 2420 suit
404 2388 461 2431 VH
482 2391 522 2422 23
549 2399 625 2422 suas
650 2390 785 2423 diuitias
809 2392 839 2423 P
854 2390 864 2434 ΙΙ
882 2392 1090 2434 atque'haec
1115 2401 1177 2434 ego
1194 2393 1227 2424 V
1244 2391 1255 2435 ΙΙ
1273 2394 1315 2425 24
1340 2392 1446 2425 multa
1466 2403 1512 2424 θαι·

93 2431 153 2464 1113
169 2431 223 2476 PH
242 2434 284 2465 26
311 2443 430 2465 manu*
451 2435 480 2473 (s
498 2436 558 2474 er.)
577 2433 629 2478 ΡΙΙ
649 2437 687 2469 31
716 2445 805 2468 arma
830 2438 931 2479 atque
957 2436 1023 2468 tela
1048 2436 1129 2477 (tela
1142 2448 1187 2469 0oe
1201 2437 1280 2469 talia
1292 2438 1331 2477 P)
1355 2437 1515 2470 militaria·

94 2476 193 2518 PCV,
218 2487 307 2510 arma
332 2478 399 2510 tela
424 2481 525 2521 atque
551 2479 704 2513 militaria
728 2491 772 2512 cr
791 2480 818 2513 C
832 2481 901 2513 dno
922 2481 932 2525 ΙΙ
950 2483 992 2514 34
1014 2481 1103 2514 domi
1126 2494 1150 2515 s.
1169 2493 1193 2515 s,
1212 2483 1242 2514 P
1257 2480 1268 2525 ΙΙ
1287 2484 1325 2515 35
1353 2482 1511 2515 Graeciae

90 2530 221 2600 ξοέξιθη
255 2523 375 2577 imitati
406 2527 487 2565 post
518 2534 658 2567 coepere
683 2529 752 2558 tum
781 2532 826 2568 (p.
851 2526 914 2568 30,
940 2527 976 2568 4)
1003 2529 1143 2559 traiecit
1171 2527 1363 2559 Daderlein
1386 2528 1510 2560 Philol.

114 2591 124 2608 ‚
214 2593 220 2599 .
