1709 2885
176 96 231 137 30
682 98 717 132 C.
735 97 941 133 SALLUSTI
964 96 1101 132 CRISPI

177 202 251 243 bus
281 202 639 242 animadvortebant
658 202 698 241 in
722 202 835 248 civis,
867 202 914 240 de
936 201 1204 241 condemnatis
1226 213 1422 241 summum
1443 185 1607 254 suppli-⁴

114 265 154 298 40
179 260 282 298 cium
313 258 529 298 sumebant.
574 265 780 310 postquam
811 270 874 297 res
903 257 1056 309 publiea
1088 257 1250 297 adolevit
1279 262 1315 296 et
1343 257 1594 298 multitudine

178 316 319 355 civium
339 315 529 354 factiones
549 315 724 361 valuere,
747 314 1018 353 circumveniri
1038 314 1291 361 innocentes,
1317 313 1389 353 alia
1409 314 1594 354 huiusce-

176 372 282 411 modi
303 371 386 411 fieri
407 383 593 423 coepere,
624 376 706 410 tum
728 371 787 410 lex
809 370 943 410 Porcia
975 371 1146 422 aliaeque
1178 370 1283 420 leges
1303 376 1456 422 paratae
1486 377 1592 419 sunt,

113 435 149 467 41
178 427 321 479 quibus
342 428 494 479 legibus
515 427 672 466 exilium
694 427 882 466 damnatis
911 427 1143 479 permissum
1174 434 1243 465 est.
1285 427 1386 466 hauc
1406 439 1478 478 ego
1500 439 1592 466 cau-

176 496 279 532 sam,
310 490 438 536 patres
461 484 696 535 conscripti,
729 495 807 534 quo
828 483 959 523 minus
988 495 1127 522 novom
1158 482 1364 522 consilium
1393 483 1591 535 capiamus

111 547 152 580 42
176 540 216 580 in
238 541 375 593 primis
405 552 582 591 magnam
604 545 711 591 puto.
772 540 946 591 profecto
966 539 1086 578 virtus
1107 545 1221 590 atque
1252 539 1440 590 sapientia
1469 540 1593 578 maior

176 597 251 636 illis
272 597 364 644 fuit,
388 597 455 648 qui
477 609 522 635 ex
543 596 670 648 parvis
692 596 832 647 opibus
852 601 1000 636 tantum
1028 596 1235 647 imperium
1258 596 1384 635 secere
1407 608 1521 648 quam
1551 595 1591 634 in

111 661 152 693 43
175 653 301 702 nobis,
323 654 389 704 qui
411 666 454 692 ea
474 653 574 692 bene
595 658 702 703 parta
728 653 787 691 vix
806 652 1031 695 retinemus.
1080 652 1205 704 placet
1227 652 1346 703 igitur
1366 664 1432 692 eos
1453 651 1591 691 dimitti

174 716 211 749 et
233 709 366 760 augeri
393 710 603 749 exercitum
628 707 841 749 Catilinae?
872 710 1057 749 minume.
1107 709 1171 748 sed
1195 709 1243 747 ita
1266 720 1429 756 censeo,
1459 708 1590 760 publi-

173 766 314 805 candas
330 778 466 805 eorum
482 765 682 817 pecunias,
704 766 810 817 ipsos
827 765 865 804 in
884 767 1048 805 vinculis
1064 766 1262 805 habendos
1279 776 1350 816 per
1364 764 1590 818 municipia,

172 835 271 875 quae
292 835 469 862 maxume
490 822 631 873 opibus
652 822 798 870 valent,
829 835 904 862 neu
928 822 1016 874 quis
1038 823 1083 861 de
1106 822 1160 861 eis
1182 828 1315 872 postea
1336 821 1380 859 ad
1411 825 1590 860 senatum

170 880 313 919 reserat
334 892 430 919 neve
448 891 535 918 cum
556 878 706 931 populo
727 885 831 929 agat:
869 880 933 930 qui
955 879 1063 918 aliter
1080 878 1230 924 fecerit,
1251 883 1427 916 senatum
1443 877 1588 917 existu-

170 948 275 976 mare
297 948 386 975 eum
408 942 543 975 contra
564 948 645 974 rem
667 935 863 987 publicam
885 942 923 974 et
943 935 1105 974 salutem
1128 935 1301 973 omnium
1324 929 1542 972 facturum.³

96 995 146 1031 52
283 991 495 1043 Postquam
518 992 655 1031 Caesar
680 992 836 1031 dicundi
859 993 975 1031 finem
992 992 1096 1039 fecit,
1119 991 1235 1030 ceteri
1258 990 1373 1029 verbo
1405 991 1502 1029 alius
1523 989 1587 1028 alii

169 1049 270 1088 varie
301 1049 630 1088 adsentiebantur.
691 1053 728 1087 at
756 1049 805 1088 Μ.
838 1048 1000 1088 Porcius
1040 1047 1128 1087 Cato
1161 1053 1318 1098 rogatus
1356 1045 1588 1086 sententiam

167 1105 438 1144 huiuscemodi
459 1105 673 1145 orationem
700 1104 846 1144 habuit.

126 1169 145 1200 2
278 1158 431 1212 ‘Longe
452 1162 546 1201 mihi
567 1162 638 1201 alia
660 1175 771 1201 mens
793 1169 863 1209 est,
886 1168 1014 1212 patres
1036 1160 1262 1211 conscripti,
1284 1171 1372 1198 cum
1388 1171 1451 1198 res
1472 1163 1589 1209 atque

169 1218 342 1269 pericula
363 1225 495 1257 nostra
525 1218 731 1258 considero
754 1225 792 1257 et
821 1230 907 1256 cum
941 1217 1152 1256 sententias
1175 1229 1253 1255 non
1277 1215 1476 1255 nullorum
1504 1214 1588 1265 ipse

125 1281 144 1314 3
168 1287 322 1314 mecum
343 1280 497 1325 reputo.
548 1275 601 1313 illi
623 1275 717 1313 mihi
749 1274 980 1313 disseruisse
1010 1273 1190 1312 videntur
1210 1273 1257 1311 de
1288 1283 1414 1324 poena
1435 1282 1584 1318 eorum,

169 1331 236 1382 qui
273 1331 420 1382 patriae
451 1330 679 1381 parentibus
709 1330 785 1369 aris
823 1336 939 1381 atque
968 1330 1065 1369 focis
1095 1329 1176 1368 suis
1214 1328 1359 1368 bellum
1389 1339 1586 1380 paravere.

167 1399 231 1426 res
252 1393 380 1427 autem
401 1393 535 1427 monet
556 1399 690 1426 cavere
716 1387 762 1426 ab
793 1387 867 1426 illis
898 1387 1018 1437 magis
1050 1399 1164 1437 quam
1197 1385 1290 1438 quid
1321 1385 1360 1424 in
1392 1383 1480 1424 illos
1508 1389 1587 1422 sta-

122 1451 142 1482 4
167 1449 321 1482 tuamus
352 1443 586 1483 consultare.
639 1456 727 1483 nam
750 1449 876 1483 cetera
907 1443 1084 1482 malificia
1114 1449 1196 1482 tum
1227 1452 1485 1494 persequare,
1519 1438 1583 1478 ubi

165 1500 265 1539 sacta
286 1505 390 1546 sunt,
413 1500 488 1538 hoc
509 1500 583 1538 nisi
605 1500 821 1550 provideris
843 1512 893 1539 ne
921 1500 1079 1543 accidat,
1102 1500 1169 1538 ubi
1191 1498 1338 1545 evenit,
1358 1498 1502 1536 frustra
1524 1497 1584 1534 iu-

122 1564 140 1595 5
166 1556 264 1596 dicia
285 1556 479 1607 inplores:
513 1563 624 1607 capta
645 1556 742 1595 urbe
765 1556 860 1594 nihil
882 1556 924 1594 fit
943 1556 1083 1606 reliqui
1106 1555 1226 1594 victis.
1279 1554 1366 1602 sed,
1397 1565 1468 1605 per
1489 1553 1581 1592 deos

163 1613 402 1658 inmortalis,
435 1625 501 1651 vos
532 1625 602 1663 ego
625 1612 799 1664 appello,
833 1612 899 1664 qui
922 1624 1077 1663 semper
1101 1611 1236 1650 domos
1258 1611 1364 1649 villas
1386 1611 1496 1661 signa
1527 1614 1583 1648 ta-

163 1670 273 1710 bulas
294 1675 441 1708 vostras
462 1669 586 1720 pluris
617 1682 731 1720 quam
763 1668 1059 1720 rempublicam
1091 1668 1255 1707 fecistis:
1288 1667 1318 1706 si
1352 1667 1422 1706 ista
1452 1665 1585 1705 cuius-

163 1739 332 1778 cumque
354 1725 458 1764 modi
489 1732 580 1764 sunt
604 1738 703 1776 quae
733 1725 1005 1776 amplexamini
1035 1725 1225 1772 retinere,
1257 1723 1288 1763 si
1321 1721 1582 1774 voluptatibus

163 1784 303 1823 vostris
325 1782 446 1821 otium
468 1782 655 1833 praebere
672 1781 796 1828 voltis,
828 1781 1142 1832 expergiscimini
1160 1779 1366 1831 aliquando
1389 1785 1427 1818 et
1446 1790 1583 1829 capes-

120 1845 140 1877 6
162 1840 236 1879 site
264 1851 348 1878 rem
369 1838 577 1889 publicam.
629 1851 708 1877 non
731 1838 860 1888 agitur
880 1838 926 1876 dc
949 1836 1198 1887 vectigalibus
1219 1848 1347 1888 neque
1377 1835 1424 1875 de
1454 1834 1582 1873 socio-

120 1903 138 1934 7
164 1909 251 1935 rum
280 1895 455 1934 iniuriis:
498 1895 656 1934 libertas
678 1901 715 1933 et
736 1894 863 1934 anima
895 1900 1026 1933 nostra
1050 1895 1088 1932 in
1111 1892 1228 1932 dubio
1251 1898 1320 1932 est.
1361 1904 1476 1943 saepe
1508 1903 1582 1930 nu—

162 1953 294 1998 mero,
324 1956 454 2003 patres
476 1951 709 2002 conscripti,
742 1951 859 1989 multa
885 1950 995 1989 verba
1025 1950 1065 1989 in
1087 1950 1162 1988 hoc
1183 1949 1319 1988 ordine
1340 1948 1435 1996 feci,
1466 1959 1583 1998 saepe

161 2009 208 2048 de
238 2008 390 2047 luxuria
413 2012 527 2058 atque
557 2007 711 2046 avaritia
736 2013 961 2046 nostrorum
991 2007 1131 2046 civium
1158 2011 1320 2057 questus
1341 2017 1451 2054 sum,
1481 2003 1584 2042 mul-

119 2071 139 2104 8
161 2070 301 2116 tosque
330 2063 504 2103 mortalis
526 2076 568 2103 ea
591 2076 702 2103 causa
724 2064 907 2102 advorsos
927 2063 1072 2102 habeo:
1104 2063 1171 2113 qui
1193 2062 1287 2101 mihi
1316 2067 1431 2112 atque
1452 2059 1582 2100 animo

162 2133 249 2161 meo
271 2121 417 2160 nullius
447 2132 630 2171 umquam
663 2120 791 2159 delicti
814 2121 974 2171 gratiam
995 2120 1195 2165 fecissem,
1231 2118 1332 2157 baud
1353 2117 1464 2156 facile
1485 2116 1580 2156 alte-

119 2185 140 2217 9
163 2178 245 2217 rius
276 2176 439 2216 lubidini
471 2177 668 2216 malefacta
699 2177 978 2215 condonabam.
1029 2176 1096 2216 sed
1119 2188 1161 2214 ea
1194 2174 1343 2214 tametsi
1374 2185 1442 2212 vos
1472 2171 1580 2224 parvi

161 2233 403 2287 pendebatis,
434 2238 562 2272 tamen
583 2246 646 2273 res
667 2233 821 2284 publica
842 2234 950 2272 firma
968 2238 1060 2281 erat,
1082 2231 1281 2283 opulentia
1297 2229 1582 2281 neglegentiam

256 2359 266 2389 l
295 2355 337 2389 de
362 2367 449 2390 eras.
467 2359 505 2388 iu
518 2355 571 2399 ΡΙΙ
591 2358 609 2390 3
636 2355 866 2388 circumueniri
885 2354 926 2395 Is,
952 2354 1191 2387 circumuenire.
1209 2352 1266 2386 PC
1279 2352 1291 2393 ΙΙ
1307 2355 1326 2386 5
1352 2350 1582 2384 θκαιυίἰίυηι

159 2403 190 2434 Ρ
204 2401 216 2445 ss
231 2401 319 2435 hanc
343 2411 406 2444 ego
424 2400 488 2442 PC,
514 2411 577 2444 ego
603 2401 687 2434 lianc
706 2399 767 2433 VC
780 2402 791 2443 Η
811 2402 829 2433 S
849 2400 915 2431 illis
932 2400 978 2432 Pl
988 2400 1031 2436 Ὀ,
1056 2400 1088 2432 in
1115 2399 1182 2432 illis
1201 2397 1252 2440 ΟΙΙ
1276 2399 1311 2430 12
1337 2407 1402 2429 neu
1420 2396 1496 2439 quis
1514 2394 1580 2437 PC,

161 2457 201 2479 ne
220 2447 294 2490 quis
308 2457 332 2489 p
355 2448 395 2486 (s,
409 2450 452 2487 s.)
468 2446 547 2479 lf'C:
566 2446 610 2485 el.
633 2458 683 2480 or.
699 2446 784 2479 Phil.
803 2446 824 2479 8
843 2444 855 2488 ΙΙ
875 2447 912 2478 18
935 2446 1014 2478 mihi
1041 2445 1106 2478 alia
1123 2444 1187 2485 PC,
1199 2443 1262 2476 alia
1279 2442 1359 2474 mihi
1374 2441 1417 2482 V,
1433 2441 1579 2474 Servius

159 2492 347 2525 Fuldensis
369 2494 407 2524 in
426 2492 532 2534 Ver-g.
546 2493 631 2525 Aen.
648 2494 677 2533 1,
693 2491 735 2525 13
753 2490 764 2534 Η
781 2493 823 2524 20
841 2490 888 2522 illi
907 2502 950 2523 ex
967 2490 1023 2523 ille
1041 2492 1071 2522 P
1085 2490 1097 2533 Η
1113 2488 1311 2522 disseruisse
1327 2499 1371 2519 ea:
1388 2486 1578 2519 deseruisse

159 2537 273 2580 Ρ1123
300 2541 379 2570 tunc
403 2536 459 2580 ΡΙΙ
476 2539 606 2571 ‘26'uos
631 2547 693 2580 ego
718 2536 823 2576 Pl'C,
856 2545 919 2578 ego
944 2546 1007 2568 uos
1033 2534 1084 2577 CH
1105 2537 1144 2568 27
1171 2533 1234 2566 ista
1260 2532 1330 2567 PC,
1355 2533 1402 2565 ita
1428 2529 1490 2564 VC
1504 2530 1517 2575 ΙΙ
1533 2532 1575 2565 31

159 2583 251 2617 dibio
279 2594 322 2614 (21³
347 2582 437 2616 dibia
463 2582 576 2626 Ρ1135
603 2581 986 2623 delictit***gratia1n
1012 2580 1065 2624 ΡΙΙ
1085 2582 1126 2614 37
1152 2578 1341 2621 pendemus
1367 2577 1405 2627 V,
