1709 2885
142 81 193 123 10
277 128 280 130 v
555 46 566 61 “
640 82 675 116 c.
693 81 898 116 SALLusrt
921 81 1057 116 cnism

95 194 119 226 6
143 186 350 227 difficulter
377 185 642 237 capiebantur.
693 197 782 224 nam
811 190 854 224 ut
875 185 1066 238 cuiusque
1087 186 1258 226 studium
1280 198 1326 226 ex
1350 192 1473 228 aetate
1492 187 1562 228 ila-

143 242 289 294 grabat,
311 242 394 281 aliis
415 248 542 282 scorta
563 241 750 293 praebere
769 241 855 280 aliis
877 254 992 281 canes
1012 248 1127 294 atque
1149 254 1271 294 equos
1291 244 1467 293 mercari,
1489 256 1563 296 po·

143 306 286 338 stremo
309 311 437 350 neque
457 299 630 350 sumptui
654 309 782 349 neque
801 298 1013 338 modestiae
1034 311 1127 338 suae
1152 310 1335 350 parcere,
1357 299 1448 339 dum
1474 299 1562 340 illos

100 363 117 394 7
144 354 334 393 obnoxios
355 355 532 405 fidosque
553 354 626 394 sibi
648 355 803 393 faceret.
845 354 926 393 scio
947 355 1067 394 fuisse
1089 367 1168 395 non
1191 355 1320 395 nullos
1341 356 1407 407 qui
1429 357 1479 396 ita
1497 368 1562 396 ex-

145 412 386 458 istumarent,
408 412 659 459 iuventutem,
682 422 780 461 quac
802 410 959 450 domum
982 410 1166 451 Catilinae
1190 411 1471 462 frequentabat,
1493 425 1562 464 pa-

142 479 229 507 rum
252 467 416 507 honeste
437 467 662 519 pudicitiam
681 466 888 515 habuisse;
911 467 978 506 sed
1001 480 1046 507 ex
1060 468 1144 507 aliis
1161 467 1278 507 rebus
1295 468 1428 520 magis,
1446 480 1562 520 quam

146 523 249 575 quod
272 524 452 575 cuiquam
474 523 512 562 id
535 530 778 574 compertum
799 523 919 570 foret,
941 524 1035 563 haec
1058 524 1154 563 sama
1174 524 1335 564 valebat.

70 584 120 621 15
257 580 335 619 Iam
357 580 526 631 primum
549 580 776 618 adulescens
799 579 958 618 Catilina
981 580 1100 620 multa
1122 580 1285 620 nefanda
1306 588 1441 632 stupra
1458 581 1563 620 sece-

144 642 222 684 rat,
245 648 334 675 cum
354 636 505 687 virgine
527 636 661 684 nobili,
683 647 772 674 cum
793 636 992 676 sacerdote
1015 636 1169 684 Vestae,
1193 637 1264 676 alia
1292 636 1562 676 huiuscemodi

100 699 122 733 2
146 699 281 732 contra
312 693 372 732 ius
402 693 548 744 sasque.
598 698 794 743 postremo
819 699 954 743 captus
984 704 1113 732 amore
1145 693 1322 733 Aureliae
1344 691 1561 742 Orestillae,

144 750 257 788 cuius
279 755 431 800 praeter
450 749 612 787 formam
635 748 732 787 nihil
752 761 935 799 umquam
957 749 1084 788 bonus
1105 749 1281 796 laudavit,
1304 749 1408 800 quod
1429 761 1473 788 ea
1488 761 1564 788 nu-

143 805 236 845 bere
270 805 325 844 illi
361 805 577 851 dubitabat,
607 805 750 844 timens
780 805 1000 856 privignum
1032 806 1159 845 adulta
1181 812 1323 853 aetate,
1354 818 1425 856 pro
1456 810 1563 844 certo

145 861 316 901 creditur
351 868 486 901 necato
523 861 600 900 filio
636 873 791 900 vacuam
828 861 984 900 domum
1019 862 1192 901 scelestis
1228 861 1374 914 nuptiis
1409 861 1562 901 secisse.

101 925 121 958 3
145 931 242 969 quae
265 917 421 969 quidem
442 930 504 957 res
525 918 618 956 mihi
641 918 680 956 in
703 917 838 968 primis
858 918 1009 957 videtur
1030 931 1144 958 eausa
1165 919 1285 957 fuisse
1307 918 1456 957 facinus
1480 929 1563 956 ma-

100 982 121 1014 4
145 974 311 1014 turandi.
361 986 529 1026 namque
559 974 712 1013 animus
741 974 928 1025 inpurus,
958 974 1015 1013 dis
1043 974 1345 1026 hominibusque
1381 974 1561 1022 infestus,

146 1044 274 1082 neque
308 1030 448 1081 vigiliis
485 1042 610 1081 neque
647 1030 843 1082 quietibus
881 1031 1007 1070 sedari
1043 1038 1212 1082 poterat:
1245 1031 1292 1070 ita
1325 1030 1564 1070 conscicntia

101 1094 121 1126 5
148 1094 315 1126 mentem
337 1088 497 1127 excitam
519 1086 698 1125 vastabat.
743 1087 860 1137 igitur
881 1087 987 1125 colos
1010 1087 1043 1125 ei
1066 1088 1295 1138 exsanguis,
1319 1086 1418 1125 foedi
1446 1086 1562 1135 oculi,

146 1144 246 1183 citus
274 1144 391 1183 modo
413 1144 527 1182 modo
550 1143 681 1182 tardus
706 1144 903 1190 incessus3
927 1155 1088 1194 prorsus
1111 1144 1150 1182 in
1171 1144 1268 1182 facie
1295 1143 1478 1193 voltuque
1499 1154 1564 1181 ve-

73 1203 123 1240 16
147 1200 276 1239 cordia
298 1200 434 1239 inerat.
456 1200 521 1238 sed
544 1200 797 1246 iuventutem,
820 1212 948 1250 quam,
971 1206 1014 1237 ut
1034 1211 1151 1250 supra
1169 1199 1348 1247 diximus,
1363 1198 1562 1248 inlexerat,

101 1263 122 1296 2
145 1257 277 1296 multis
306 1257 431 1295 modis
458 1256 554 1295 mala
582 1256 753 1294 facinora
787 1255 983 1294 edocebat.
1026 1267 1071 1294 ex
1093 1255 1168 1294 illis
1197 1255 1306 1294 testis
1327 1255 1564 1306 signatores-

145 1326 222 1364 que
256 1312 372 1352 salsos
409 1311 674 1359 commodare;
719 1311 832 1351 fidem
869 1312 1045 1350 fortunas
1081 1311 1253 1362 pericula
1287 1311 1374 1351 vitia
1409 1310 1563 1363 habere,

145 1376 235 1421 post
264 1369 330 1408 ubi
360 1381 494 1407 eorum
525 1368 662 1406 samam
697 1373 811 1418 atque
846 1368 1034 1419 pudorem
1065 1368 1292 1415 adtriverat,
1323 1367 1467 1406 maiora
1491 1367 1563 1406 alia

102 1433 121 1465 3
145 1425 370 1477 imperabat.
413 1425 444 1463 si
468 1437 581 1464 causa
603 1425 788 1475 peccandi
810 1425 849 1462 in
872 1437 1056 1475 praesens
1077 1425 1207 1463 minus
1236 1423 1480 1476 subpetebat,
1503 1423 1564 1462 ni-

145 1482 223 1521 hilo
247 1482 375 1520 minus
398 1481 564 1520 insontis
585 1481 698 1519 sicuti
720 1481 843 1519 sontis
866 1480 1160 1528 circumvenire,
1188 1480 1383 1531 iugulare;
1401 1480 1562 1527 scilicet,

145 1551 195 1578 nc
226 1550 295 1590 per
323 1538 444 1576 otium
474 1542 743 1588 torpescerent
770 1548 910 1575 manus
939 1542 1004 1575 aut
1033 1537 1199 1584 animus,
1230 1536 1396 1587 gratuito
1432 1537 1564 1587 potius

100 1601 121 1633 4
144 1594 270 1634 malus
291 1601 406 1645 atque
429 1593 598 1632 crudelis
619 1599 712 1631 erat.
755 1593 809 1631 eis
830 1592 963 1631 amicis
984 1593 1179 1644 sociisque
1201 1595 1373 1632 conlisus
1389 1591 1563 1639 Catilina,

145 1651 261 1691 simul
293 1650 395 1702 quod
424 1662 487 1688 aes
518 1650 686 1688 alienum
717 1661 787 1700 per
818 1649 944 1688 omnis
974 1655 1097 1688 terras
1128 1650 1266 1699 ingens
1288 1657 1369 1689 erat
1398 1655 1436 1687 et
1460 1648 1565 1700 quod

143 1708 323 1761 plerique
352 1706 500 1746 Sullani
530 1706 671 1745 milites
700 1705 844 1755 largius
873 1718 943 1744 suo
975 1705 1035 1744 usi
1063 1706 1286 1756 rapinarum
1318 1711 1355 1745 et
1383 1705 1565 1744 victoriae

143 1764 284 1803 veteris
305 1775 497 1802 memores
519 1762 628 1801 civile
650 1761 793 1800 bellum
816 1761 1068 1813 exoptabant,
1104 1762 1388 1813 opprimundae
1413 1761 1467 1800 rei
1490 1773 1564 1812 pu-

142 1820 267 1859 blicae
289 1819 496 1859 consilium
519 1819 632 1869 cepit.
674 1819 713 1856 in
737 1817 841 1857 Italia
865 1818 997 1856 nullus
1026 1819 1239 1865 exercitus,
1263 1817 1332 1857 Cn.
1355 1817 1563 1869 Pompeius

143 1876 183 1915 in
208 1876 388 1915 extremis
410 1876 524 1914 terris
548 1874 690 1913 bellum
714 1874 890 1924 gerebat;
914 1874 987 1924 ipsi
1009 1875 1254 1913 consulatum
1285 1874 1431 1925 petenti
1457 1885 1565 1924 mag-

144 1945 194 1972 na
224 1945 334 1984 spes,
365 1938 524 1970 senatus
557 1930 652 1969 nihil
684 1943 776 1970 sane
806 1931 998 1969 intentus:
1031 1937 1135 1970 tutae
1165 1930 1474 1982 tranquillaeque
1501 1941 1564 1969 res

145 2002 302 2035 omnes,
324 1988 390 2027 sed
413 2000 454 2026 ea
478 1999 640 2038 prorsus
662 1993 883 2038 opportuna
906 1986 1101 2026 Catilinae.

76 2048 121 2084 17
259 2045 381 2095 Igitur
403 2044 557 2082 circiter
577 2043 760 2082 kalendas
783 2043 913 2082 lunias
936 2043 976 2081 L.
1002 2044 1162 2082 Caesare
1189 2049 1226 2082 et
1248 2041 1287 2081 C.
1310 2041 1447 2093 Figulo
1469 2053 1565 2081 con-

145 2101 296 2142 sulibus
326 2101 452 2152 primo
482 2099 658 2150 singulos
688 2099 905 2150 appellare,
936 2100 1082 2139 hortari
1112 2100 1206 2139 alios
1228 2099 1323 2139 alios
1351 2103 1562 2150 temptare;

146 2171 242 2210 opes
271 2170 381 2204 suas,
414 2157 627 2208 inparatam
659 2168 740 2194 rem
771 2156 989 2206 publicam,
1020 2168 1157 2207 magna
1188 2155 1355 2208 praemia
1380 2154 1564 2194 coniura-

237 2260 255 2290 3
280 2256 456 2289 molestiae
482 2255 684 2298 illudi-{gius
707 2255 852 2287 Adi-ers.
870 2255 901 2296 2,
919 2254 983 2287 291
1001 2266 1025 2286 S.
1047 2253 1058 2297 ss
1076 2256 1094 2287 S
1113 2259 1219 2297 strpra
1236 2253 1290 2297 PH
1312 2254 1350 2288 12
1369 2252 1481 2285 adulta
1502 2253 1564 2295 PC,

148 2302 299 2336 adultum
325 2301 438 2345 61114
465 2300 592 2334 suis*se
625 2307 656 2339 (e
689 2302 790 2340 era-5⁸.)
823 2300 876 2343 Ph
895 2300 1024 2332 facinus
1057 2298 1245 2332 maturandi
1264 2309 1308 2341 p,
1341 2297 1470 2330 facinus
1496 2308 1566 2331 ma-

146 2346 285 2380 turmda
311 2348 340 2386 (s
365 2348 489 2386 era5.?)
515 2347 551 2387 P,
581 2345 739 2378 facinoris
763 2344 950 2378 maturandi
978 2343 1031 2387 (ἘΙ
1052 2347 1090 2378 115
1124 2343 1293 2387 quietibus
1313 2354 1357 2386 p,
1385 2343 1566 2376 nutibus

145 2394 175 2426 P
190 2393 201 2435 ΙΙ
221 2394 258 2426 17
287 2391 379 2424 color
403 2392 432 2424 ei
458 2391 638 2433 exsanguis
652 2390 707 2423 PC
728 2392 811 2428 (nisi
835 2390 929 2432 quod
952 2389 1085 2422 color‘ei
1105 2388 1284 2432 exsanguis
1300 2399 1334 2431 p,
1360 2387 1566 2427 cololreiex-

145 2437 264 2479 anguis
287 2438 338 2478 P),
363 2436 456 2470 color
481 2436 552 2468 cius
582 2436 650 2476 (vel
672 2435 784 2468 colore
810 2435 865 2466 vel
888 2435 993 2469 color)
1020 2434 1200 2476 exsanguis
1226 2433 1253 2466 C
1273 2433 1381 2470 (colos
1404 2435 1442 2464 in
1465 2432 1565 2466 nullo

143 2484 360 2521 inuentum.):
380 2481 473 2515 colos
487 2481 667 2523 exsanguis
686 2482 817 2513 Probus
835 2481 922 2513 cath.
934 2491 967 2522 p.
983 2481 1020 2511 15
1040 2483 1072 2512 et
1089 2479 1132 2513 23
1147 2478 1159 2522 Η
1179 2481 1219 2512 20
1233 2477 1397 2511 edocebat
1410 2477 1474 2521 pC,
1486 2477 1567 2511 edo-

145 2528 212 2560 cuit
240 2527 291 2570 Pl:
311 2529 352 2561 29
379 2526 478 2559 ciuile
501 2537 534 2568 p,
559 2526 623 2558 riui
647 2527 676 2558 P
690 2525 701 2569 Η
720 2527 757 2559 31
787 2525 863 2568 ipsiu
887 2524 1024 2557 consula
1052 2529 1085 2557 tsi
1108 2523 1256 2566 petendi.
1281 2523 1403 2563 (luisse
1427 2522 1567 2556 videtur

145 2573 255 2616 ipsum
282 2572 445 2606 consulati
473 2571 631 2614 petendu)
657 2572 693 2611 P,
718 2571 780 2614 ipsi
808 2570 1019 2603 consulatum
1044 2568 1179 2612 petendi
1205 2568 1259 2600 vel
1282 2569 1410 2611 petenti
1437 2567 1464 2601 0

1594 700 1632 732 10

1595 980 1630 1012 15

1593 1822 1632 1855 30

1593 2102 1634 2136 35
