1709 2885
186 99 265 140 106
693 101 726 134 G.
745 100 947 134 SALLUSTI
973 99 1108 134 CRISPI

187 205 305 257 periri
327 204 429 243 licet.
471 215 575 243 arma
596 203 698 242 viros
720 203 939 255 pecuniam,
962 210 1158 256 postremo
1179 203 1369 256 quidquid
1389 205 1521 245 animo
1542 204 1604 244 lu-

186 262 273 310 bet,
295 272 405 301 sume
426 264 536 300 utere
557 265 606 309 et,
630 259 757 311 quoad
777 260 891 308 vives,
914 272 1125 312 numquam
1147 260 1215 299 tibi
1237 260 1424 300 redditam
1445 261 1604 312 gratiam

189 317 394 370 putaveris,
416 328 571 368 semper
591 316 693 368 apud
715 328 775 355 me
796 316 946 367 integra
961 316 1046 364 erit;
1068 317 1236 368 denique
1259 316 1355 356 nihil
1376 329 1438 356 me
1458 317 1605 357 sciente

147 380 165 410 5
189 375 331 413 frustra
351 373 469 413 voles.
510 385 618 421 nam,
641 377 684 412 ut
704 384 775 423 ego
797 378 993 421 aestuum,
1016 385 1146 424 regem
1175 373 1292 413 armis
1313 385 1428 424 quam
1448 373 1605 412 munifi-

146 434 165 466 6
189 430 315 470 centia
339 429 437 469 vinci
459 430 590 468 minus
606 428 838 480 flagitiosum
861 436 929 469 est.
972 434 1142 469 ceterum
1165 429 1210 468 de
1233 441 1274 468 re
1294 429 1449 481 publica
1465 437 1605 476 vostra,

192 487 303 527 cuius
325 492 480 525 curator
503 486 580 525 huc
601 485 743 524 missus
765 498 805 524 es
821 516 830 534 ,
853 485 987 537 paucis
1015 486 1160 537 accipe.
1201 485 1345 525 bellum
1367 497 1437 537 ego
1460 485 1606 538 populo

191 543 364 583 Romano
388 554 516 593 neque
536 542 609 581 feci
641 554 767 592 neque
799 542 940 582 sactum
969 554 1154 594 umquam
1184 542 1306 581 volui:
1332 548 1369 582 at
1390 542 1478 581 finis
1499 553 1607 581 meos

147 604 164 635 7
191 599 394 639 advorsum
424 603 590 638 armatos
620 598 736 637 armis
762 604 908 638 tutatus
928 610 1027 638 sum.
1079 599 1115 637 id
1146 599 1302 646 omitto,
1325 598 1479 649 quando
1500 598 1608 638 vobis

148 660 166 692 8
191 656 241 695 ita
262 655 399 707 placet.
441 655 561 705 gerite
584 654 688 706 quod
710 654 822 693 voltis
843 667 930 694 cum
962 655 1145 705 Iugurtha
1167 655 1326 694 beilum.
1368 667 1439 705 ego
1462 655 1607 694 flumen

190 711 449 759 Muluccham,
471 710 574 762 quod
598 711 699 750 inter
719 723 781 750 me
801 711 1052 763 ctMicipsam
1075 712 1158 759 suit,
1182 724 1260 750 non
1283 711 1459 762 egrediar
1481 722 1607 762 neque

192 768 229 807 id
263 768 408 807 intrare
436 767 664 818 Iugurtham
694 767 828 806 sinam.
877 773 1074 819 praeterea
1105 768 1233 819 siquid
1262 779 1402 819 meque
1424 766 1609 818 vobisque

190 825 351 875 dignum
372 824 575 875 petiveris,
598 824 700 863 haud
721 824 902 875 repulsus
923 824 1072 863 abibis.‘

100 883 168 917 111
307 880 363 920 Ad
384 893 426 920 ea
448 880 553 919 Sulla
577 891 648 931 pro
679 892 720 919 se
748 880 913 919 breviter
946 886 983 919 et
1006 880 1155 920 modice
1169 911 1178 928 ,
1197 880 1243 919 de
1267 892 1361 932 pace
1383 886 1420 918 et
1441 879 1486 919 de
1503 891 1611 918 com-

193 936 379 976 munibus
409 936 526 975 rebus
555 936 686 975 multis
726 936 920 976 disseruit.
971 937 1140 988 denique
1171 937 1250 986 regi
1281 936 1484 988 patefecit,
1507 935 1611 986 quod

194 993 443 1045 polliceatur,
465 999 642 1032 senatum
666 999 703 1031 et
723 992 912 1044 populum
934 992 1164 1040 Romanum,
1186 993 1371 1044 quoniam
1393 992 1509 1031 armis
1531 1003 1611 1030 am-

192 1050 294 1102 plius
315 1049 544 1097 valuissent,
578 1062 656 1088 non
687 1049 725 1088 in
749 1049 910 1100 gratiam
940 1049 1152 1088 habituros.
1204 1049 1430 1088 faciundum
1453 1047 1612 1100 aliquid,

191 1106 296 1158 quod
326 1105 479 1144 illorum
519 1106 640 1156 magis
678 1118 792 1156 quam
832 1118 900 1145 sua
941 1105 1118 1144 retulisse
1146 1105 1357 1144 videretur:
1390 1104 1426 1143 id
1457 1105 1550 1143 adeo
1573 1104 1613 1142 in

192 1167 374 1215 promptu
398 1175 504 1210 esse,
527 1163 710 1213 quoniam
730 1162 879 1213 copiam
902 1161 1110 1212 Iugurthae
1126 1161 1298 1200 haberet.
1343 1171 1459 1212 quem
1481 1160 1514 1199 si
1535 1159 1613 1198 Ro-

194 1219 317 1258 manis
334 1218 564 1265 tradidisset,
583 1219 663 1257 sore
687 1224 730 1257 ut
750 1218 803 1256 ilii
819 1218 1043 1269 plurumum
1065 1217 1291 1265 (leberetur3
1309 1216 1515 1256 amicitiam
1531 1217 1613 1256 soe-

194 1275 266 1314 dus
287 1274 489 1314 Numidiae
506 1281 667 1326 partem,
686 1286 799 1326 quam
818 1287 924 1314 nunc
946 1279 1107 1326 peteret,
1124 1281 1218 1313 tunc
1235 1274 1337 1313 ultro
1352 1273 1613 1312 adventuram.

152 1335 172 1367 2
196 1344 261 1370 rex
283 1330 409 1383 primo
428 1331 612 1382 negitare,
631 1331 904 1382 cognationem
924 1331 1160 1378 affinitatem,
1177 1336 1375 1381 praeterea
1397 1329 1533 1368 foedus
1554 1329 1615 1368 in-

197 1387 421 1427 tervenisse.
458 1388 503 1426 ad
525 1387 600 1426 hoc
615 1394 788 1427 metuere
806 1400 854 1426 nc
870 1388 970 1426 ssuxa
993 1386 1066 1426 fide
1084 1399 1178 1426 usus
1199 1385 1447 1438 popularium
1464 1385 1615 1424 animos

155 1448 173 1479 3
197 1449 399 1491 avorteret,
418 1444 505 1495 quis
528 1449 566 1483 et
586 1444 772 1494 Iugurtha
789 1456 902 1483 carus
919 1449 955 1483 et
975 1443 1139 1482 Romani
1157 1443 1268 1482 invisi
1285 1448 1405 1482 erant.
1446 1441 1615 1492 denique
1678 1435 1680 1439 ¹

197 1501 352 1552 saepius
382 1500 562 1550 fatigatus
591 1500 735 1540 lenitur
764 1507 801 1539 et
830 1513 874 1539 ex
904 1500 1099 1539 voluntate
1129 1499 1258 1539 Sullae
1280 1499 1409 1538 omnia
1429 1510 1471 1538 se
1492 1498 1616 1537 sactu-

156 1561 174 1592 4
199 1569 285 1597 rum
306 1556 507 1608 promittit:
560 1563 731 1596 ceterum
763 1556 806 1595 ad
839 1556 1094 1596 simulandam
1125 1567 1280 1607 pacem,
1311 1555 1422 1594 cuius
1451 1553 1616 1594 Numida
1679 1551 1681 1555 ’

200 1613 375 1653 defessus
396 1612 496 1651 bello
518 1612 773 1652 avidissumus
796 1618 896 1661 erat,
919 1625 1016 1663 quae
1038 1612 1147 1651 utilia
1168 1612 1245 1651 visa
1267 1611 1523 1651 constituunt.
1566 1610 1617 1650 ita

106 1670 176 1706 112
200 1669 404 1721 conposito
425 1669 513 1708 dolo
536 1668 819 1719 digrediuntur.
862 1675 898 1707 at
920 1681 985 1707 rex
1008 1674 1165 1720 postero
1188 1669 1249 1707 die
1272 1669 1456 1719 Asparem
1478 1667 1618 1718 lugur-

200 1727 286 1765 thae
308 1725 477 1775 legatum
499 1725 668 1776 appellat
697 1725 866 1775 dicitq'ue
887 1724 960 1764 sibi
990 1737 1061 1776 per
1081 1724 1266 1764 Dabarem
1290 1737 1334 1764 ex
1356 1722 1460 1763 Sulla
1483 1722 1617 1774 cogni-

201 1789 306 1828 tum,
329 1793 445 1832 posse
475 1781 773 1820 condicionibus
805 1780 947 1820 bellum
978 1781 1094 1832 poni;
1127 1793 1239 1832 quam
1262 1780 1310 1820 ob
1331 1792 1413 1820 rem
1435 1779 1537 1831 regis
1557 1778 1618 1818 sui

156 1843 175 1874 2
199 1838 430 1878 sententiam
461 1838 693 1888 exquireret.
743 1837 805 1877 ille
836 1837 957 1876 laetus
987 1837 1026 1876 in
1049 1843 1170 1876 castra
1201 1837 1410 1887 Iugurthae
1440 1835 1618 1888 proficis·
1675 1884 1678 1888 ,

200 1895 314 1934 citur.
356 1894 494 1933 deinde
516 1893 562 1933 ab
584 1894 649 1933 illo
672 1899 810 1933 cuncta
841 1894 1000 1934 edoctus
1024 1899 1233 1945 properato
1251 1893 1389 1933 itinere
1410 1898 1499 1944 post
1519 1891 1619 1931 diem

200 1957 374 1990 octavum
397 1950 497 1990 redit
525 1951 571 1989 ad
601 1949 799 1989 Bocchum
829 1956 866 1990 et
887 1950 922 1989 ei
945 1950 1097 1990 nuntiat
1126 1949 1351 2000 lugurtham
1373 1960 1516 2001 cupere
1537 1959 1620 1987 om-

291 2051 309 2082 3
335 2050 464 2091 integra
490 2049 635 2082 amicitia
661 2050 724 2082 erit
748 2061 768 2082 v
787 2048 834 2093 115
860 2050 971 2083 minus
995 2049 1202 2092 flagitiosum
1227 2052 1279 2082 est
1305 2048 1373 2090 Vz‚
1402 2052 1454 2081 est
1479 2058 1544 2081 om.
1571 2058 1621 2089 υτ,

203 2095 406 2138 flagitiosum
432 2094 530 2127 nimis
555 2097 642 2134 (esse
667 2095 776 2127 minus
797 2106 821 2127 s.
841 2099 879 2131 s.)
899 2107 926 2128 π
943 2094 954 2139 ΙΙ
975 2098 994 2129 6
1019 2095 1067 2127 sic
1092 2095 1207 2138 accipe
1231 2106 1259 2127 π
1277 2093 1289 2137 ΙΙ
1307 2096 1322 2125 '1
1351 2099 1383 2127 at
1409 2093 1486 2126 finis
1510 2104 1540 2134 z,
1566 2091 1622 2126 ad-

203 2140 279 2174 finis
305 2140 347 2181 V,
372 2138 448 2172 finis
474 2151 543 2173 πυτ.
563 2139 574 2183 Η
600 2141 618 2172 8
644 2140 742 2173 uobis
776 2151 841 2173 om.
869 2152 885 2172 ι·
905 2140 952 2183 119
979 2139 1151 2183 quodultis
1177 2140 1218 2179 V,
1247 2137 1336 2182 quod
1367 2138 1470 2171 uultis
1496 2148 1547 2178 υτ,
1573 2137 1622 2170 uti

202 2186 304 2219 uultis
326 2197 374 2218 uz
391 2184 402 2227 {l
425 2187 460 2218 11
490 2195 541 2218 mc
559 2183 614 2227 vvfl
637 2187 676 2218 13
701 2188 813 2218 autem
838 2190 869 2218 et
896 2197 924 2219 π
942 2185 954 2228 ΙΙ
971 2189 1003 2218 et
1029 2185 1261 2218 communibus
1282 2195 1334 2224 υς,
1360 2187 1393 2216 et
1413 2183 1454 2216 de
1476 2192 1623 2215 commu-

201 2231 300 2264 nibus
324 2242 342 2262 z
358 2230 370 2273 Ιὶ
393 2231 433 2263 14
458 2230 598 2263 multum
624 2241 651 2263 π
670 2230 681 2272 Η
699 2230 858 2273 patefacit
883 2241 910 2262 π
929 2229 940 2273 ΙΙ
961 2232 998 2263 15
1025 2230 1168 2273 amplius
1197 2239 1262 2262 om.
1288 2240 1316 2262 π
1334 2227 1346 2271 ΙΙ
1367 2230 1405 2262 16
1430 2227 1622 2260 faciundum

202 2280 236 2309 et
260 2275 386 2319 aliquid
411 2285 430 2306 v
457 2278 510 2314 (in
535 2286 602 2317 quo
629 2278 720 2307 inter
744 2279 775 2308 et
802 2279 835 2308 et
858 2275 984 2318 aliquid
1010 2277 1160 2318 spatium
1186 2276 1348 2315 vacuum)
1374 2284 1404 2314 z,
1430 2272 1622 2306 faciundum

201 2331 276 2354 esse
301 2319 427 2363 aliquid
451 2332 519 2362 az,
545 2319 735 2353 faciundum
761 2320 887 2363 aliquid
912 2331 930 2351 z
947 2320 958 2361 {fi
981 2323 1018 2353 17
1046 2320 1130 2353 adeo
1155 2330 1220 2352 om.
1245 2330 1273 2352 π
1291 2317 1303 2362 {l
1324 2320 1362 2351 19
1387 2327 1486 2360 quam
1521 2316 1623 2360 pluri-

203 2377 291 2399 mum
318 2377 348 2405 v,
373 2364 551 2398 deberetur
575 2375 674 2408 quam
700 2365 877 2408 plurimum
903 2365 1069 2398 amicitiae
1091 2377 1119 2399 π
1138 2364 1149 2408 ΙΙ
1166 2366 1207 2398 20
1238 2367 1315 2396 tunc
1340 2374 1370 2401 z,
1396 2367 1465 2395 tum
1492 2373 1530 2393 uz
1550 2361 1562 2405 ΙΙ
1579 2363 1618 2395 21

205 2411 353 2454 negitare
378 2421 429 2452 υς,
455 2420 575 2453 negare
601 2422 661 2451 πε,
685 2410 876 2453 neglectare
901 2410 1008 2453 :01122
1035 2421 1111 2453 pop.
1139 2418 1272 2443 suorum
1294 2419 1321 2441 π
1340 2407 1352 2451 Ι
1369 2409 1410 2441 23
1437 2407 1544 2449 erant]
1571 2417 1623 2440 es·
1645 2415 1649 2421 ’

203 2461 278 2489 sent
300 2468 328 2489 π
347 2454 358 2499 Η
376 2457 418 2488 24
444 2459 477 2488 et
491 2466 554 2488 om.
578 2469 605 2489 π
624 2454 635 2499 11
653 2455 816 2489 facturum
837 2465 912 2488 sese
932 2455 1084 2498 promisit
1097 2455 1152 2499 πΗ
1171 2455 1213 2487 26
1238 2457 1308 2486 erat
1327 2464 1379 2493 m,
1404 2463 1468 2485 om.
1484 2463 1502 2484 z
1518 2452 1530 2496 ss
1549 2451 1623 2486 uisa

205 2513 256 2544 oz,
280 2501 352 2535 uisa
377 2505 455 2533 sunt
480 2500 556 2544 7121]
577 2502 618 2534 28
644 2510 661 2534 a
687 2500 761 2534 silla
787 2503 840 2542 (ex
857 2511 882 2533 s.
904 2503 944 2541 s.)
962 2511 980 2532 υ
997 2500 1009 2544 ΙΙ
1028 2502 1071 2533 29
1097 2499 1240 2542 conponi
1265 2500 1303 2539 (ε.
1320 2510 1344 2531 s.
1366 2497 1486 2537 sedari)
1505 2509 1532 2531 π
1550 2496 1621 2542 1130

205 2547 303 2589 aspar
322 2549 401 2589 post
423 2545 479 2578 ille
509 2548 572 2578 ins.
591 2557 618 2579 π
637 2544 650 2589 Η
667 2545 888 2589 proficiscitur
907 2556 957 2587 υτ,
982 2545 1075 2578 uenit
1092 2556 1110 2576 z
1130 2543 1142 2588 ΙΙ
1158 2546 1196 2578 31
1222 2547 1379 2577 octavum
1403 2542 1490 2576 diem
1505 2553 1532 2576 π
1550 2543 1562 2585 ΙΙ
1579 2542 1623 2575 32

206 2591 335 2625 nuntiat
360 2602 412 2632 υτ,
437 2590 611 2624 denuntiat
638 2601 655 2622 z
