1709 2885
196 77 248 117 78
701 79 735 112 C.
754 77 956 112 SALLUS'l'l
981 77 1116 111 CRlSP!

195 183 284 222 xilio
306 194 453 234 poenas
473 187 598 233 petat3
620 181 818 220 hominem
846 180 895 219 ob
917 180 1074 220 morbos
1093 180 1222 219 animo
1243 192 1378 232 parum
1400 181 1523 220 valido
1545 193 1606 220 se-

195 239 320 279 cunda
342 239 517 277 oratione
539 237 702 277 extollit:
726 237 834 276 illum
856 248 1006 287 regem,
1038 237 1235 288 ingentem
1261 237 1382 276 virum
1396 268 1406 282 ,
1428 237 1606 276 Masinis-

195 308 259 335 sae
290 301 469 346 nepotem
500 306 607 341 esse;
638 293 670 332 si
691 293 876 344 Iugurtha
908 299 1042 344 captus
1073 298 1140 332 aut
1160 293 1312 332 occisus
1342 293 1461 339 foret,
1485 293 1606 344 impe-

197 352 297 391 rium
318 351 518 390 Numidiae
539 351 624 389 sine
646 362 751 388 mora
774 349 1015 397 habiturum;
1047 349 1083 388 id
1109 349 1204 388 adeo
1223 355 1372 388 mature
1389 361 1503 400 posse
1520 361 1605 388 eve-

152 417 171 448 4
197 409 302 455 nire,
333 408 365 446 si
397 408 479 458 ipse
509 406 646 445 consul
677 407 722 445 ad
753 406 790 444 id
812 405 955 445 bellum
977 406 1118 445 missus
1139 406 1248 443 foret.
1290 405 1417 456 itaque
1439 410 1475 444 et
1500 405 1606 444 illum

198 471 234 504 et
255 464 404 516 equites
426 463 620 502 Romanos
640 462 781 501 milites
806 468 843 501 et
864 462 1121 513 negotiatores
1135 492 1144 510 ,
1177 461 1271 500 alios
1293 461 1376 512 ipse
1398 460 1605 512 plerosque

197 521 303 572 pacis
332 533 421 571 spes
450 519 625 570 inpellit,
657 519 711 557 uti
741 518 900 557 Romam
929 518 975 557 ad
1003 530 1094 557 suos
1125 517 1363 557 necessarios
1397 530 1533 569 aspere
1567 518 1606 556 in

153 585 171 615 5
195 576 393 616 Metellum
414 576 462 615 (le
482 576 582 615 bello
614 574 803 621 scribant,
834 574 995 614 Marium
1024 575 1294 626 imperatorem
1325 580 1498 625 poscant.
1550 573 1606 612 sic

195 634 250 672 illi
280 645 299 671 a
335 632 466 671 multis
501 631 726 670 mortalibus
762 631 1044 670 honestissuma
1080 630 1352 680 suffragatione
1382 629 1606 669 consulatus

194 689 409 740 petebatur.
451 688 567 729 simul
590 700 631 726 ea
652 693 876 739 tempestate
898 687 1028 738 plebs,
1052 687 1248 726 nobilitate
1269 688 1352 725 fusa
1383 698 1453 737 per
1483 686 1603 736 legem

194 745 420 792 Mamiliam,
444 757 563 783 novos
585 743 802 783 extollebat.
843 744 890 782 ita
914 743 1032 782 Mario
1055 749 1191 783 cuncta
1215 742 1437 794 procedere.

121 806 170 842 66
305 801 464 840 Interim
482 800 669 851 Iugurtha
690 807 893 851 postquam
917 801 1056 839 omissa
1078 799 1270 839 deditione
1293 798 1436 837 bellum
1457 796 1605 850 incipit,

194 870 284 898 cum
303 870 440 907 magna
462 869 553 896 cura
576 869 710 908 parare
731 856 872 904 omnia,
894 857 1088 902 festinare,
1112 868 1249 907 cogere
1272 855 1495 900 exercitum,
1515 853 1606 892 civi-

194 915 279 954 tatis
301 926 398 965 quae
420 913 466 952 ab
487 926 528 952 se
550 913 769 952 defecerant
788 912 995 951 formidine
1016 918 1082 951 aut
1103 912 1331 951 ostentando
1354 911 1522 962 praemia
1551 909 1604 948 af-

193 971 348 1018 fectare,
370 969 601 1009 conmunire
621 982 713 1008 suos
735 969 852 1016 locos,
875 981 976 1008 arma
1000 968 1072 1007 tela
1093 969 1254 1019 aliaque,
1280 980 1378 1018 quae
1401 979 1469 1018 spe
1501 966 1605 1017 pacis

193 1028 393 1073 amiserat,
416 1027 576 1065 reficere
596 1032 661 1065 aut
682 1026 941 1073 conmercari,
973 1025 1125 1064 servitia
1146 1024 1408 1062 Romanorum
1439 1022 1604 1062 adlicere

193 1089 230 1124 et
246 1096 313 1123 eos
328 1084 448 1134 ipsos,
465 1083 532 1133 qui
548 1083 587 1121 in
606 1082 807 1133 praesidiis
825 1088 945 1128 erant,
969 1081 1134 1132 pecunia
1152 1085 1358 1131 temptare:
1373 1091 1534 1130 prorsus
1547 1079 1606 1116 ni-

150 1147 168 1179 2
192 1140 246 1179 hil
262 1140 446 1179 intactum
463 1151 591 1190 neque
608 1139 780 1189 quietum
800 1139 889 1189 pati,
911 1142 1050 1176 cuncta
1068 1136 1221 1187 agitare.
1265 1135 1383 1185 igitur
1399 1134 1605 1185 Vagenses,

191 1209 269 1248 quo
291 1195 468 1235 Metellus
498 1195 608 1234 initio
635 1195 818 1244 [ugurtha
847 1194 1072 1245 pacificante
1102 1192 1336 1244 praesidium
1368 1192 1605 1242 inposuerat,

192 1253 335 1303 fatigati
357 1253 459 1302 regis
480 1251 682 1302 suppliciis
706 1263 832 1301 neque
855 1256 964 1289 autea
985 1249 1179 1288 voluntate
1209 1248 1374 1294 alienati,
1406 1246 1603 1299 principes

191 1308 354 1348 civitatis
375 1308 478 1346 inter
498 1320 538 1346 se
560 1307 776 1346 coniurant.
819 1319 904 1346 nam
927 1306 1083 1357 volgus,
1107 1305 1161 1344 uti
1182 1305 1414 1356 plerumque
1443 1303 1541 1342 solet
1570 1309 1607 1342 et

190 1377 367 1404 maxume
389 1363 654 1410 Numidarum,
678 1363 835 1414 ingenio
856 1362 987 1402 mobili
1010 1362 1236 1401 seditiosum
1258 1368 1372 1412 atque
1392 1358 1605 1399 discordio-

191 1434 277 1460 sum
307 1426 406 1465 erat,
432 1420 618 1471 cupidum
651 1432 836 1458 novarum
867 1431 1017 1466 rerum,
1056 1418 1176 1469 quieti
1212 1424 1249 1456 et
1277 1418 1354 1455 otio
1386 1416 1602 1455 advorsum.

156 1518 159 1520 ,
191 1478 279 1517 dein
301 1476 515 1527 conpositis
535 1477 638 1515 inter
658 1489 698 1515 se
720 1476 837 1515 rebus
859 1476 897 1514 in
920 1476 1018 1514 diem
1040 1474 1196 1513 tertium
1215 1473 1470 1520 constituunt,
1502 1472 1603 1523 quod

191 1534 223 1573 is
251 1534 373 1573 festus
402 1532 696 1583 celebratusque
725 1544 795 1583 per
826 1544 979 1570 omnem
1003 1531 1168 1569 Africam
1197 1530 1329 1569 ludum
1353 1535 1389 1568 et
1414 1528 1604 1568 lasciviam

149 1598 168 1629 3
191 1590 313 1641 magis
335 1601 449 1640 quam
470 1588 717 1627 formidinem
739 1587 966 1627 ostentabat.
1008 1587 1074 1626 sed
1096 1586 1160 1625 ubi
1183 1592 1336 1637 tempus
1357 1585 1441 1630 fuit,
1468 1590 1605 1623 centu-

192 1648 322 1686 riones
344 1645 600 1696 tribunosque
619 1644 794 1683 militaris
817 1651 853 1683 et
874 1644 1001 1695 ipsum
1024 1643 1261 1694 praefectum
1284 1641 1415 1693 oppidi
1438 1641 1481 1680 T.
1504 1641 1605 1679 Tur-

191 1703 327 1755 pilium
347 1702 521 1741 Silanum
543 1701 640 1740 alius
661 1701 778 1740 alium
795 1701 930 1739 domos
945 1712 1034 1738 suas
1053 1699 1226 1738 invitant.
1268 1710 1333 1737 eos
1350 1697 1476 1736 omnis
1493 1709 1604 1748 prae-

190 1766 249 1798 ter
269 1758 489 1809 Turpilium
506 1757 606 1796 inter
622 1757 754 1808 epulas
772 1756 1017 1795 obtruncant.
1059 1761 1191 1806 postea
1208 1754 1347 1793 milites
1364 1753 1528 1805 palantis
1544 1753 1604 1792 in-

148 1823 166 1854 4
192 1827 339 1862 ermos,
362 1814 509 1865 quippe
530 1814 569 1852 in
591 1813 655 1852 tali
677 1813 736 1852 die
769 1825 812 1851 ac
841 1812 925 1851 sine
955 1812 1138 1863 imperio,
1169 1811 1460 1861 aggrediuntur.
1502 1809 1601 1849 idem

190 1871 324 1923 plebes
345 1871 446 1919 facit,
469 1882 557 1921 pars
579 1870 704 1908 edocti
725 1869 770 1908 ab
794 1869 1003 1915 nobilitate,
1019 1867 1082 1906 alii
1099 1867 1226 1906 studio
1243 1866 1374 1905 talium
1396 1878 1527 1905 rerum
1543 1866 1604 1905 in-

191 1928 315 1975 citati,
340 1927 427 1978 quis
448 1933 530 1965 acta
552 1926 837 1976 consiliumque
859 1924 1129 1976 ignorantibus
1149 1923 1339 1962 tumultus
1367 1922 1449 1974 ipse
1477 1927 1514 1961 et
1543 1933 1604 1960 res

119 1987 165 2023 67
191 1997 310 2024 novae
339 1983 430 2022 satis
461 1982 675 2033 placebant.
724 1981 886 2020 Romani
923 1981 1084 2028 milites,
1121 1979 1317 2031 inproviso
1339 1984 1443 2018 metu
1466 1978 1604 2017 incerti

189 2040 393 2092 ignarique
415 2039 508 2089 quid
528 2039 786 2089 potissumum
809 2038 992 2085 facerent,
1015 2036 1218 2088 trepidare.
1261 2047 1347 2074 arce
1369 2034 1515 2086 oppidi,
1539 2033 1601 2073 ubi

189 2097 298 2148 signa
315 2102 353 2136 et
368 2100 477 2134 scuta
492 2101 612 2148 erant,
630 2095 864 2146 praesidium
882 2095 1064 2140 hostium,
1086 2098 1220 2144 portae
1237 2097 1325 2131 ante
1342 2092 1494 2130 clausae
1510 2091 1600 2140 fuga

188 2152 459 2205 prohibebant.
507 2151 553 2190 ad
583 2151 657 2190 hoc
686 2151 869 2190 mulieres
891 2150 1082 2202 puerique
1114 2161 1184 2200 pro
1207 2147 1601 2188 tectis'acdificiorum

147 2217 165 2248 2
188 2222 276 2250 saxa
298 2215 336 2249 et
355 2209 427 2248 alia
449 2220 547 2259 quae
569 2208 677 2247 locus
697 2207 904 2258 praebebat
926 2206 1099 2246 certatim
1119 2205 1282 2244 mittere.
1320 2204 1369 2242 ita
1391 2215 1517 2253 neque
1539 2214 1601 2241 ca-

188 2267 266 2305 veri
296 2277 438 2315 anceps
468 2265 609 2303 malum
643 2275 769 2314 neque
789 2276 810 2302 a
830 2262 1064 2302 fortissumis
1085 2261 1360 2300 infirmissumo
1383 2258 1517 2310 generi
1539 2271 1601 2297 re-

283 2379 294 2410 l
323 2376 468 2408 animum
486 2374 541 2417 Pu
558 2376 575 2406 7
602 2375 694 2417 pacis
719 2383 796 2417 spes
821 2375 889 2414 (vel
912 2376 984 2416 spe)
1012 2374 1045 2413 C,
1071 2371 1167 2415 pauci
1192 2380 1251 2414 spe
1272 2371 1307 2411 Ρ,
1333 2369 1449 2412 paucis
1474 2380 1533 2412 spe
1550 2380 1572 2412 p
1589 2369 1601 2413 Η

187 2424 206 2456 S
232 2425 372 2465 poscant
398 2431 442 2452 αι*
466 2423 609 2463 poscunt
627 2419 679 2462 ΡΙΙ
699 2421 718 2453 9
751 2419 817 2461 illis
843 2419 956 2452 multis
981 2428 998 2450 a
1024 2414 1286 2458 mortalibusPll
1310 2416 1347 2447 10
1376 2414 1550 2456 petabatur
1575 2415 1604 2447 P

185 2468 197 2511 Η
213 2469 254 2501 25
281 2465 525 2507 celebratisque
551 2466 583 2505 (u
608 2475 682 2507 sup.
704 2465 726 2505 i)
752 2464 806 2506 Pu
824 2466 864 2497 28
891 2464 1024 2496 silatum
1050 2473 1094 2494 eat
1119 2461 1259 2494 selatum
1278 2458 1332 2502 ΡΙΙ
1348 2469 1426 2491 suas
1451 2470 1495 2491 eac
1519 2469 1599 2492 suos

186 2512 239 2556 Pu
259 2515 300 2546 34
319 2521 392 2544 arce
416 2512 560 2553 scripsi:
585 2519 692 2543 arcem
710 2509 773 2547 PC,
798 2509 838 2541 ad
856 2519 963 2541 arcem
984 2507 1035 2551 011
1055 2510 1095 2541 35
1115 2506 1192 2548 fuga
1214 2504 1435 2547 prohibebant
1451 2506 1578 2546 scripsi
1587 2517 1598 2535 .-

186 2557 263 2600 fuga
289 2555 489 2600 prohibebat
514 2556 549 2595 P,
574 2555 686 2598 fugam
711 2554 933 2598 prohibebant
960 2554 1002 2587 C:
1028 2553 1072 2591 cl'.
1098 2552 1173 2593 lug.
1196 2550 1246 2592 18,
1263 2550 1285 2582 6
1311 2549 1431 2589 (aliter
1454 2549 1528 2591 107,
1549 2550 1580 2589 1)

1638 693 1675 725 10

1638 973 1674 1004 15

1632 1253 1674 1286 20

1634 1533 1673 1565 25

1632 1814 1671 1847 30
