1709 2885
194 98 248 138 46
701 100 734 134 C.
754 99 958 133 SALLUSTI
982 98 1116 133 CRISPI

195 206 311 256 cepit,
333 205 388 243 uti
410 205 520 256 regni
541 204 742 243 Numidiae
763 210 912 242 tantum
933 203 1046 241 modo
1069 202 1381 254 procurationem
1402 203 1609 243 existuma-

194 274 276 300 rem
296 273 419 300 meam
433 291 443 311 ,
465 268 635 300 ceterum
659 261 719 299 ius
741 267 778 299 et
799 259 1006 311 imperium
1029 259 1112 298 eius
1135 271 1255 310 penes
1277 271 1342 297 vos
1364 271 1467 307 esse;
1494 259 1609 298 simul

194 318 364 357 eniterer
385 317 488 356 domi
513 317 748 368 militiaeque
779 328 894 367 quam
924 327 1102 354 maxumo
1132 316 1220 354 usui
1250 327 1334 354 esse
1362 316 1509 367 populo
1531 315 1610 354 Ro-

192 386 329 420 mano,
353 386 418 412 vos
439 374 532 413 mihi
555 378 807 424 cognatorum
822 402 831 419 ,
853 384 919 410 vos
940 372 1122 411 adfinium
1153 372 1238 410 loco
1270 371 1470 410 ducerem:
1503 372 1535 410 si
1565 383 1608 410 ea

193 430 392 477 fecissem,
414 430 454 469 in
478 437 603 470 vostra
624 429 787 468 amicitia
816 429 1025 467 exercitum
1056 428 1203 467 divitias
1231 427 1471 467 munimenta
1499 427 1608 477 regni

150 491 169 523 2
192 499 254 525 me
284 486 517 525 habiturum.
560 498 658 536 quae
681 497 769 524 cum
791 490 995 536 praecepta
1025 485 1196 535 parentis
1223 484 1297 522 mei
1319 484 1522 535 agitarem,
1545 483 1608 522 Iu-

193 543 344 593 gurtha,
366 543 482 581 homo
505 543 679 581 omnium
702 553 800 592 quos
822 546 922 580 terra
943 540 1111 580 sustinet
1131 540 1484 587 sceleratissumus,
1515 551 1608 578 con-

192 604 338 650 tempto
361 599 523 650 imperio
546 604 674 637 vostro
697 597 921 637 Masinissae
943 609 1002 636 me
1026 604 1207 648 nepotem
1238 603 1275 635 et
1308 596 1379 635 iam
1410 596 1456 635 ab
1485 596 1608 647 stirpe

192 655 341 694 socium
362 660 477 705 atque
499 656 664 693 amicum
682 653 818 705 populi
830 653 994 693 Romani
1015 666 1136 703 regno
1159 652 1406 704 fortunisque
1426 651 1608 691 omnibus

149 716 168 748 3
192 711 350 762 expulit.
387 715 507 762 'atque
530 723 622 761 ego,
654 716 782 761 patres
811 710 1044 761 conscripti,
1075 710 1258 760 quoniam
1288 721 1332 748 eo
1363 709 1607 747 miseriarum

190 775 377 807 venturus
400 780 516 811 eram,
539 767 672 806 velle-m
695 766 823 818 potius
845 766 893 805 ob
916 779 998 805 mea
1020 778 1134 817 quam
1157 765 1205 804 oh
1223 766 1411 804 maiorum
1430 775 1608 803 meorum

189 824 368 864 benificia
390 836 545 875 possem
567 836 587 862 a
608 823 715 875 vobis
737 823 920 861 auxilium
942 829 1087 873 petere,
1113 834 1156 861 ae
1173 834 1349 860 maxume
1365 820 1496 860 deberi
1513 819 1606 859 mihi

189 880 367 920 benificia
389 893 408 919 a
429 880 576 931 populo
598 879 785 926 Romano,
809 878 950 930 quibus
975 891 1052 918 non
1070 890 1221 929 egerem
1237 890 1246 924 ;
1264 874 1479 917 secundum
1497 889 1552 927 ea,
1573 876 1605 915 si

108 942 178 993 vg
191 937 442 976 desideranda
464 943 593 983 erant,
616 936 671 975 uti
698 935 836 975 debitis
868 941 1008 974 uterer.
1059 935 1124 973 sed
1146 935 1328 986 quoniam
1360 945 1496 985 parum
1526 938 1606 971 tuta

189 1006 260 1045 per
280 1005 320 1032 se
343 993 424 1044 ipsa
446 992 618 1044 probitas
644 999 712 1038 est,
740 1004 866 1042 neque
887 991 979 1030 mibi
1002 991 1040 1030 in
1062 1003 1179 1029 mauu
1209 991 1282 1029 suit
1301 989 1487 1041 Iugurtha
1509 1000 1603 1039 qua-

188 1050 235 1088 lis
255 1050 376 1096 foret,
408 1049 454 1088 ad
475 1060 542 1088 vos
563 1049 743 1099 confugi,
776 1054 904 1099 patres
926 1047 1158 1098 conscripti,
1190 1046 1353 1097 quibus,
1385 1045 1488 1097 quod
1512 1044 1604 1083 mihi

146 1112 164 1143 5
187 1106 462 1145 miserrumum
485 1112 552 1151 est,
576 1117 696 1155 cogor
717 1105 826 1156 prius
849 1105 957 1142 oneri
978 1115 1093 1154 quam
1117 1103 1203 1141 usui
1221 1115 1318 1141 esse.
1359 1101 1477 1141 ceteri
1494 1112 1605 1151 reges

185 1169 252 1202 aut
272 1162 372 1201 bello
393 1161 481 1200 victi
503 1161 543 1200 in
565 1161 770 1200 amicitiam
793 1173 812 1199 a
833 1160 940 1198 vobis
961 1159 1107 1210 recepti
1129 1167 1221 1197 sunt
1241 1158 1361 1197 autin
1381 1158 1462 1196 suis
1478 1156 1605 1196 dubiis

187 1219 303 1258 rebus
323 1219 547 1257 societatem
569 1223 733 1255 vostram
757 1216 1037 1266 adpetiverunt.
1080 1214 1222 1254 familia
1251 1220 1384 1253 nostra
1413 1225 1501 1252 cum
1532 1224 1603 1264 po-

186 1276 278 1327 pulo
301 1275 475 1313 Romano
491 1273 592 1312 bello
616 1272 923 1322 Carthaginiensi
945 1271 1147 1310 amicitiam
1180 1270 1366 1318 instituit,
1398 1281 1475 1321 quo
1507 1275 1602 1308 tem-

142 1336 161 1369 6
185 1344 279 1383 pore
302 1330 423 1381 magis
443 1329 538 1368 fides
560 1330 643 1368 eius
664 1341 779 1379 quam
800 1329 956 1367 fortuna
989 1327 1157 1379 petunda
1179 1333 1272 1366 erat.
1313 1338 1480 1377 quorum
1510 1337 1602 1376 pro-

183 1387 336 1439 geniem
357 1399 437 1434 vos,
460 1391 589 1437 patres
612 1385 836 1436 conscripti,
860 1384 979 1423 nolite
1000 1384 1078 1436 pati
1099 1396 1160 1422 me
1181 1388 1361 1434 nepotem
1379 1381 1602 1421 Masinissae

140 1450 157 1482 7
182 1445 325 1484 frustra
346 1455 365 1482 a
386 1442 494 1481 vobis
515 1442 700 1481 auxilium
721 1447 866 1492 petere.
907 1441 939 1480 si
960 1441 1005 1479 ad
1028 1440 1313 1491 impetrandum
1336 1438 1431 1478 nihil
1463 1450 1601 1477 causae

180 1501 362 1539 haberem
385 1505 540 1550 praeter
560 1497 818 1536 miserandam
840 1497 1048 1544 fortunam,
1072 1496 1176 1547 quod
1199 1496 1312 1547 paulo
1335 1500 1423 1534 aute.
1445 1506 1512 1533 rex
1534 1506 1600 1545 ge-

180 1569 273 1596 nere
294 1556 393 1595 fama
414 1560 529 1605 atque
551 1554 675 1605 copiis
692 1559 844 1605 potens,
866 1565 973 1591 nunc
995 1553 1231 1591 deformatus
1254 1551 1450 1590 aerumnis
1471 1550 1599 1601 inops,

179 1613 323 1652 alienas
345 1624 438 1662 opes
460 1616 642 1662 expecto,
665 1616 791 1648 tamen
815 1616 895 1648 erat
920 1609 1128 1648 maiestatis
1157 1607 1291 1659 populi
1314 1607 1476 1646 Romani
1506 1618 1599 1658 pro-

178 1669 312 1708 hibere
329 1667 511 1707 iniuriam
529 1679 655 1717 neque
672 1666 751 1717 pati
768 1665 996 1716 cuiusquam
1015 1677 1178 1716 regnum
1191 1676 1262 1715 per
1271 1663 1398 1703 scelus
1409 1674 1599 1703 crescere.

135 1731 154 1763 8
178 1737 311 1764 verum
333 1735 404 1774 ego
427 1724 481 1762 eis
502 1723 645 1762 finibus
668 1723 815 1761 eiectus
837 1733 935 1768 sum,
958 1733 1056 1772 quos
1077 1721 1288 1759 maioribus
1309 1720 1406 1759 meis
1427 1718 1598 1771 populus

177 1781 377 1820 Romanus
400 1780 515 1824 dedit,
538 1779 642 1817 unde
663 1785 773 1829 pater
795 1783 832 1816 et
852 1789 940 1815 avos
963 1789 1072 1816 meus
1093 1790 1170 1816 una
1192 1776 1389 1816 vobiscum
1415 1774 1598 1827 expulere

178 1838 394 1890 Syphacem
413 1842 451 1875 et
473 1834 815 1886 Carthaginiensis.
857 1839 983 1872 vostra
1005 1833 1182 1872 benificia
1206 1832 1299 1871 mihi
1329 1838 1460 1884 erepta
1491 1837 1596 1885 sunt,

135 1902 154 1934 9
177 1900 306 1946 patres
327 1892 552 1943 conscripti,
574 1903 640 1930 vos
662 1891 701 1929 in
723 1902 806 1929 mea
829 1890 968 1928 iniuria
991 1889 1161 1941 despecti
1187 1889 1290 1928 estis.
1333 1888 1431 1927 eheu
1448 1900 1509 1926 me
1525 1887 1597 1926 mi-

177 1950 329 1989 serum!
353 1949 517 1995 hucine,
540 1948 699 1998 Micipsa
721 1952 842 1998 pater,
865 1946 1043 1985 benificia
1065 1951 1128 1984 tua
1151 1957 1304 1984 evasere
1333 1950 1386 1992 ut,
1417 1955 1533 1995 quem
1555 1949 1597 1982 tu

177 2018 308 2058 parem
325 2018 414 2044 cum
432 2004 564 2044 liberis
579 2003 656 2043 tuis
674 2003 864 2053 regnique
881 2002 1108 2053 participem
1126 2001 1264 2045 fecisti,
1288 2001 1318 2040 is
1338 2000 1596 2052 potissumum

177 2063 310 2114 stirpis
331 2068 419 2100 tuae
441 2061 632 2100 extinctor
653 2057 731 2098 sit?
750 2070 1015 2109 numquamne
1038 2070 1130 2109 ergo
1151 2057 1293 2097 familia
1314 2063 1446 2095 nostra
1467 2056 1596 2107 quieta

116 2127 153 2159 10
177 2117 278 2159 erit?
300 2129 505 2169 semperne
528 2117 565 2155 in
589 2116 777 2167 sanguine
800 2116 901 2154 ferro
923 2115 1013 2165 fuga
1037 2111 1283 2153 vorsabitur?
1314 2113 1404 2152 dum
1435 2112 1593 2152 Cartba-

177 2176 373 2228 ginienses
394 2173 609 2212 incolumes
630 2173 758 2217 fuere,
783 2171 867 2210 iure
891 2171 1018 2209 omnia
1040 2183 1148 2210 saeva
1170 2169 1430 2221 patiebamur:
1462 2169 1594 2207 hostes

174 2232 221 2271 ab
243 2232 374 2278 latere,
396 2242 462 2268 vos
484 2229 595 2269 amici
617 2229 768 2280 procul,
791 2239 881 2278 spes
903 2227 1029 2266 omnis
1051 2227 1090 2266 in
1111 2227 1227 2265 armis
1254 2231 1346 2264 erat.
1388 2231 1594 2275 postquam

263 2352 456 2386 4adfinium
470 2352 546 2384 loco
562 2351 626 2391 Vz,
640 2350 672 2382 in
686 2349 845 2383 adfinium
860 2351 973 2382 locum
988 2349 1049 2382 PC.
1076 2349 1107 2381 in
1134 2346 1292 2381 adfinium
1319 2345 1393 2377 loco
1422 2344 1511 2387 (3115
1536 2355 1592 2377 ex-

173 2396 367 2441 ercitusVll
388 2399 425 2430 12
442 2406 575 2440 possem
596 2396 730 2437 singuli
745 2394 788 2427 Cz
815 2395 887 2435 (sed
905 2397 940 2426 in
957 2393 983 2426 C
1004 2405 1093 2426 corr.
1118 2402 1217 2436 posse
1237 2393 1313 2431 me),
1336 2400 1436 2433 posse
1458 2400 1510 2423 me
1525 2389 1590 2428 PC,

173 2453 272 2487 posse
288 2443 323 2475 V
332 2442 377 2481 el.
393 2443 467 2484 lug.
478 2441 562 2483 “2129
579 2441 591 2483 11
614 2443 652 2474 1⁴
666 2441 739 2483 sed]
756 2450 790 2473 se
806 2440 834 2471 P
847 2439 858 2483 Η
883 2441 918 2473 18
934 2440 965 2471 in
982 2450 1047 2471 om.
1062 2439 1090 2470 P
1103 2438 1114 2481 Η
1137 2440 1176 2471 19
1190 2436 1333 2470 familia*
1351 2443 1397 2476 tm
1410 2437 1511 2476 eras.)
1529 2435 1559 2467 P
1579 2435 1591 2477 ss

172 2491 212 2522 27
233 2487 449 2531 per**scelus
466 2490 515 2527 (se
530 2490 592 2523 er.)
604 2486 652 2530 ΡΠ
665 2488 707 2520 29
722 2485 856 2528 explere
869 2499 884 2514 ι
898 2484 1067 2527 siphacem
1086 2488 1189 2525 (corr.
1204 2481 1373 2524 expulere)
1389 2480 1418 2512 P
1433 2480 1444 2523 ΙΙ
1461 2481 1503 2514 33
1521 2479 1589 2512 tuis

172 2533 235 2574 PC,
254 2534 356 2565 drus.
369 2544 402 2575 p.
416 2531 493 2573 253,
512 2543 576 2564 om.
596 2531 632 2563 V
644 2530 656 2574 11
672 2531 714 2573 is]
734 2530 766 2563 id
785 2529 821 2563 V
832 2530 843 2572 ss
863 2532 905 2563 34
927 2538 1150 2572 numquamne
1173 2528 1200 2559 P
1213 2527 1285 2566 (sed
1307 2535 1346 2558 ne
1360 2537 1385 2558 s.
1400 2536 1424 2558 ε.
1440 2535 1484 2558 m.
1503 2526 1533 2565 1)
1553 2523 1587 2565 G,

172 2588 351 2621 numquam
368 2577 436 2613 VC,
464 2588 503 2610 ne
530 2577 593 2609 del.
613 2576 707 2608 Kritz
724 2575 736 2618 H
757 2577 796 2609 37
825 2575 865 2607 ab
889 2586 922 2617 p.
949 2585 966 2606 a
987 2574 1015 2606 P

1637 691 1692 770 10}

1635 985 1689 1034 151

1631 1275 1672 1308 20
1680 1260 1687 1297 ,ἶ

1629 1555 1668 1588 25

1622 2116 1661 2149 35
1675 2112 1685 2169 '7
