1709 2885
55 717 93 750 10

55 1556 94 1589 25

55 1837 95 1870 30

536 88 538 91 ’
571 106 625 139 DE
650 105 783 139 BELLo
808 103 1070 137 {ucunrfflNo
1476 99 1527 138 99

117 216 198 250 tum
220 210 261 249 in
281 210 436 262 oppidis
459 209 674 249 maritumis
694 220 807 259 agere
829 207 1059 246 decreverat.
1103 218 1231 256 neque
1254 210 1382 244 tamen
1411 205 1530 243 victo-

117 267 174 306 ria
195 278 328 305 socors
349 272 415 305 aut
434 266 608 305 insolens
629 265 764 312 factus,
785 263 851 303 sed
873 263 1016 314 pariter
1036 268 1153 314 atque
1170 262 1210 300 in
1227 265 1439 312 conspectu
1456 260 1529 298 ho-

118 322 235 362 stium
255 323 440 373 quadrato
461 321 614 372 agmine
634 321 827 360 incedere.
868 319 973 359 Sulla
994 331 1083 358 cum
1104 318 1276 369 equitatu
1305 316 1408 368 apud
1437 316 1528 355 dex·
1552 322 1572 353 2

118 384 259 425 tumos,
277 379 316 417 in
333 378 488 418 sinistra
504 382 613 429 parte
630 378 672 415 A.
689 376 854 416 Manlius
872 387 960 415 cum
975 374 1237 414 funditoribus
1253 379 1291 412 et
1310 372 1529 423 sagittariis,

119 440 317 487 praeterea
346 434 517 474 cohortis
545 433 733 483 Ligurum
770 432 938 471 curabat.
979 431 1125 483 primos
1156 436 1193 469 et
1223 435 1415 469 extremos
1441 440 1529 467 cum

120 491 307 542 expeditis
327 490 535 542 manipulis
555 489 733 529 tribunos
754 489 955 528 locaverat.
995 487 1194 539 perfugae,
1211 486 1384 525 minume
1401 484 1479 524 cari
1496 490 1532 524 et
1555 490 1574 522 3

118 547 324 598 regionum
346 545 627 593 scientissumi,
653 545 823 584 hostium
846 545 918 584 iter
946 542 1209 595 explorabant.
1250 541 1365 582 simul
1396 540 1532 580 consul

121 604 229 654 quasi
252 603 359 642 nullo
381 603 550 654 inposito
572 601 700 640 omnia
721 601 935 652 providere,
953 599 1055 651 apud
1072 599 1199 637 omnis
1214 598 1361 644 adesse,
1377 597 1532 636 laudare

122 665 159 698 et
180 659 383 711 increpare
402 659 599 698 merentis.
640 658 725 709 ipse
745 663 912 697 armatus
933 657 1186 706 intentusque
1201 655 1293 693 item
1309 653 1451 692 milites
1468 665 1532 692 co·
1557 659 1578 691 4

122 715 246 767 gebat.
288 728 417 766 neque
437 728 549 754 secus
570 721 687 764 atque
707 714 779 752 iter
802 713 946 761 facere,
968 718 1092 751 castra
1114 711 1282 758 munire,
1313 709 1533 749 excubitum

121 772 160 810 in
183 778 313 823 portas
334 771 504 811 cohortis
531 783 575 809 ex
601 770 842 821 legionibus,
872 781 943 820 pro
974 768 1108 807 castris
1137 768 1288 819 equites
1317 765 1536 805 auxiliarios

119 828 287 876 mittere,
309 832 506 879 praeterea
526 827 621 865 alios
643 838 762 877 super
782 825 922 864 vallum
943 826 982 864 in
1003 823 1257 864 munimentis
1277 823 1419 870 locare,
1441 822 1533 872 vigi—

119 884 188 922 lias
209 883 292 934 ipse
313 883 529 928 circumire,
552 895 631 922 non
652 888 729 921 tam
750 881 961 921 diffidentia
982 882 1156 919 futurum
1189 892 1286 931 quae
1310 878 1534 930 imperavis-

123 944 193 986 set,
219 951 334 990 quam
358 940 413 978 uti
431 938 617 978 militibus
639 945 874 989 exaequatus
895 950 983 976 cum
1005 937 1239 988 imperatore
1267 935 1377 974 labor
1405 935 1536 973 volen-

122 995 225 1035 tibus
242 1001 355 1034 esset.
397 1002 433 1034 et
452 1008 544 1034 sane
560 995 704 1034 Marius
720 995 865 1045 illoque
881 994 1044 1044 aliisque
1060 992 1300 1044 temporibus
1316 990 1536 1041 Iugurthini
1561 998 1579 1029 5

121 1051 213 1090 belli
234 1052 384 1103 pudore
404 1051 525 1102 magis
552 1064 666 1103 quam
687 1051 786 1090 malo
808 1051 1018 1090 exercitum
1041 1048 1256 1088 coercebat.
1297 1047 1399 1099 quod
1427 1046 1534 1085 multi

122 1120 194 1159 per
213 1108 462 1147 ambitionem
484 1108 567 1148 fieri
588 1107 752 1154 aiebant,
774 1119 863 1158 pars
883 1119 903 1145 a
925 1105 1090 1158 pueritia
1112 1110 1336 1144 consuetam
1358 1103 1537 1142 duritiam

124 1168 162 1203 et
180 1163 265 1211 alia,
283 1176 382 1214 quae
399 1164 519 1203 ceteri
534 1164 707 1203 miserias
722 1168 873 1210 vocant,
891 1161 1077 1213 voluptati
1094 1161 1294 1200 habuisse:
1318 1160 1393 1199 nisi
1410 1166 1537 1198 tamen

123 1231 185 1259 res
206 1219 362 1271 publica
383 1220 527 1270 pariter
552 1232 595 1259 ac
615 1220 850 1259 saevissumo
871 1218 1036 1270 imperio
1055 1218 1156 1257 bene
1177 1222 1292 1268 atque
1313 1216 1452 1255 decore
1474 1227 1540 1266 ge-

125 1282 194 1314 sta.
236 1276 353 1327 igitur
373 1281 511 1326 quarto
533 1276 700 1328 denique
722 1275 782 1315 die
803 1275 905 1314 haud
926 1276 1040 1325 longe
1062 1274 1108 1313 ab
1131 1273 1275 1324 oppido
1301 1270 1401 1311 Cirta
1425 1272 1538 1311 undi-
1565 1275 1638 1312 101

127 1344 203 1383 que
223 1332 338 1371 simul
359 1332 621 1383 speculatores
642 1332 707 1371 citi
728 1344 812 1372 sese
834 1331 1064 1377 ostendunt,
1088 1342 1162 1381 qua
1184 1341 1226 1368 re
1253 1329 1377 1367 hostis
1406 1329 1539 1367 adesse

125 1388 376 1440 intellegitur.
417 1389 484 1428 sed
506 1389 595 1440 quia
617 1388 758 1428 divorsi
779 1388 985 1427 redeuntes
1006 1386 1103 1425 alius
1123 1385 1169 1425 ab
1191 1385 1262 1424 alia
1287 1390 1396 1436 parte
1424 1390 1539 1435 atque
1562 1392 1582 1424 2

125 1456 261 1483 omnes
291 1444 393 1483 idem
422 1445 709 1495 significabant,
732 1443 870 1483 consul
890 1443 1063 1483 incertus
1093 1453 1263 1493 quonam
1283 1441 1399 1479 modo
1419 1441 1540 1479 aciem

124 1500 346 1548 instrueret,
370 1501 479 1539 nullo
501 1501 638 1540 ordine
660 1505 884 1539 conmutato
904 1499 1109 1538 advorsum
1131 1498 1261 1536 omnia
1282 1502 1437 1548 paratus
1467 1495 1538 1535 ibi-

123 1556 210 1595 dem
230 1557 446 1608 opperitur.
487 1557 538 1596 ita
557 1557 783 1607 Iugurtham
804 1568 894 1607 spes
915 1555 1110 1601 frustrata,
1136 1554 1202 1604 qui
1224 1554 1355 1605 copias
1372 1553 1412 1591 in
1429 1557 1539 1603 quat·
1563 1561 1583 1592 3

122 1618 214 1652 tuor
234 1613 353 1664 partis
373 1612 633 1661 distribuerat,
655 1618 760 1652 ratus
782 1625 828 1652 ex
848 1611 1030 1650 omnibus
1052 1622 1174 1661 aeque
1195 1609 1346 1660 aliquos
1363 1609 1409 1648 ab
1430 1615 1540 1659 tergo

121 1669 298 1709 hostibus
329 1674 526 1708 venturos.
567 1669 723 1708 interim
752 1668 879 1717 Sulla,
911 1680 1025 1718 quem
1055 1667 1226 1718 primum
1254 1666 1385 1704 hostes
1406 1665 1540 1716 attige-
1565 1673 1584 1704 4

123 1732 223 1774 rant,
245 1726 469 1765 cohortatus
490 1738 582 1764 suos
603 1725 799 1764 turmatim
822 1731 860 1763 et
879 1736 994 1774 quam
1016 1734 1193 1761 maxume
1216 1722 1402 1761 consertis
1431 1722 1541 1772 equis

125 1781 208 1833 ipse
228 1781 369 1834 aliique
390 1781 546 1820 Mauros
567 1782 772 1826 invadunt,
795 1779 914 1818 ceteri
935 1779 975 1817 in
998 1780 1083 1818 loco
1105 1783 1307 1817 manentes
1330 1777 1377 1816 ab
1406 1777 1541 1816 iaculis

126 1837 278 1876 eminus
299 1837 450 1876 emissis
472 1849 636 1888 corpora
656 1843 786 1888 tegere
809 1841 868 1883 et,
890 1835 991 1886 siqui
1013 1835 1052 1873 in
1073 1846 1213 1873 manus
1233 1839 1439 1881 venerant,
1472 1832 1541 1871 ob-

124 1899 320 1932 truncare.
361 1893 452 1931 dum
474 1906 519 1932 eo
540 1893 654 1932 modo
677 1892 826 1943 equites
846 1890 1102 1944 proeliantur,
1123 1889 1302 1929 Bocchus
1323 1901 1412 1928 cum
1433 1889 1540 1940 pedi·
1565 1898 1583 1929 5

126 1949 243 1998 tibus,
266 1961 364 2000 quos
384 1947 509 1988 Volux
528 1949 631 1989 filius
652 1949 735 1988 eius
757 1948 966 1987 adduxerat
986 1959 1114 1998 neque
1131 1947 1170 1985 in
1192 1946 1324 1997 priore
1345 1957 1476 1997 pugna
1501 1945 1540 1984 in

128 2052 186 2080 tur
217 2048 265 2080 ad
293 2048 501 2090 explendam
534 2048 697 2081 lacunam
727 2059 771 2079 ea:
797 2058 823 2080 e.
848 2047 902 2088 97,
926 2047 949 2080 3
973 2046 1123 2086 conficta
1146 2056 1233 2077 esse.-
1266 2044 1311 2083 cf.
1337 2045 1384 2077 ad
1405 2045 1460 2086 97,
1489 2045 1510 2077 4
1531 2044 1543 2087 11

128 2094 148 2126 2
166 2103 281 2126 socors
306 2104 351 2125 eoe
375 2103 489 2126 socros
513 2093 569 2135 Pu
586 2096 604 2127 3
631 2094 762 2136 agmine
787 2103 831 2124 ea:
856 2092 963 2124 amine
989 2090 1045 2135 PH
1062 2090 1150 2134 apud
1175 2090 1353 2123 dextumos
1377 2089 1446 2129 (vel
1466 2088 1546 2122 dex-

127 2138 240 2178 timos)
262 2138 308 2180 Cp
343 2140 380 2170 in
403 2148 528 2180 marg„
552 2139 659 2171 Prisc.
687 2138 751 2171 vol.
777 2138 795 2169 I
818 2148 853 2180 p.
879 2140 912 2169 et
934 2137 989 2178 98,
1024 2135 1113 2178 apud
1149 2140 1316 2168 extremos
1340 2133 1420 2177 1³01}
1441 2136 1457 2166 7
1495 2144 1547 2166 re-

127 2183 263 2227 gionum
296 2194 341 2215 esc
364 2184 535 2226 regionem
563 2183 618 2227 ΡΙΙ
640 2186 677 2216 10
702 2183 830 2216 munire
859 2182 889 2223 ὃς
914 2181 1107 2214 excubitum
1122 2180 1175 2222 ΡῘΙ
1200 2182 1235 2213 11
1256 2183 1370 2222 portas
1393 2190 1424 2218 z,
1449 2182 1545 2222 porta

122 2227 203 2271 pCss
222 2228 412 2261 auxiliarios
440 2229 474 2269 C,
501 2238 541 2261 ex
569 2228 760 2261 auxiliarios
786 2227 820 2269 C,
851 2231 883 2260 et
908 2226 1100 2259 auxiliarios
1124 2224 1204 2268 PCss
1227 2227 1265 2258 12
1291 2234 1391 2266 super
1418 2223 1545 2256 uallum

126 2274 159 2306 in
185 2273 400 2306 munimentis
416 2274 481 2315 PC,
504 2274 537 2305 in
562 2273 777 2306 munimentis
802 2283 902 2315 super
924 2271 1051 2304 uallum
1070 2270 1096 2303 C
1110 2270 1300 2302 deteriores
1315 2268 1328 2312 ll
1350 2270 1389 2302 13
1408 2272 1475 2301 tam
1494 2270 1549 2300 vel

128 2328 187 2361 pro
215 2318 256 2359 C,
282 2328 346 2350 om.
373 2317 453 2361 Pon
473 2317 657 2351 diffidentia
682 2319 830 2351 futurum
857 2317 884 2351 C
905 2315 967 2356 (ef.
998 2315 1081 2347 Gell.
1107 2316 1136 2356 l,
1160 2315 1206 2356 7),
1232 2314 1419 2347 diffidentia
1444 2314 1546 2346 futuri

128 2362 202 2395 PC:
219 2373 266 2394 an
279 2363 435 2396 diffidens
450 2362 575 2396 factum
588 2363 650 2395 iri?
665 2363 678 2408 ΙΙ
703 2366 740 2397 14
754 2362 848 2395 labor
864 2362 927 2403 PC,
941 2361 1036 2393 labos
1050 2372 1068 2392 z
1087 2359 1100 2403 ss
1120 2362 1159 2393 16
1173 2359 1262 2392 malo
1284 2359 1356 2391 PC:
1375 2369 1420 2390 an
1434 2362 1524 2391 metu
1536 2362 1551 2390 Υ

129 2406 141 2451 u
167 2409 203 2440 17
237 2408 371 2441 aiebant
396 2418 472 2451 pars
498 2418 515 2440 a
544 2407 904 2450 pueritia—habuisse
936 2406 1088 2446 Dietsch,
1117 2405 1251 2437 aiebant
1276 2403 1365 2447 quod
1390 2413 1407 2435 a
1438 2403 1547 2445 pueri-

130 2452 393 2486 tia—habuisse
421 2454 465 2491 P,
495 2453 629 2485 aiebant
653 2453 743 2496 quod
768 2455 857 2495 (pars
895 2462 961 2493 quo
982 2451 1104 2492 pauci)
1128 2460 1146 2482 a
1171 2447 1548 2493 pueritia—habuisset

132 2497 177 2530 C:
202 2508 248 2529 an
272 2498 422 2530 aiebant:
452 2508 469 2530 a
494 2498 637 2540 pueritia
661 2508 688 2530 c.
719 2497 760 2539 d.,
790 2496 852 2529 alia
883 2496 960 2537 (del.
979 2496 1026 2535 et)
1051 2492 1314 2536 —habuissei'll
1336 2494 1374 2526 19
1408 2502 1460 2524 res
1487 2503 1549 2535 pu-

129 2541 218 2575 blica
245 2541 278 2582 G,
303 2543 349 2575 rei
373 2554 404 2586 p.
424 2542 502 2586 ΡΟΙΙ
523 2544 565 2575 24
588 2542 767 2575 instrueret
790 2553 824 2585 p,
848 2541 991 2573 instruet
1016 2539 1131 2581 P113O
1156 2541 1317 2571 uenerant
1342 2548 1385 2569 eoe
1409 2543 1547 2570 uenerat

131 2586 188 2630 Pl]
205 2589 245 2620 31
273 2587 350 2620 dum
375 2591 411 2635 in
436 2600 475 2622 eo
501 2587 601 2621 modo
627 2587 758 2630 equites
782 2585 1022 2630 praeliarentur
1046 2582 1104 2627 ΡΠ
1135 2585 1175 2617 32
1201 2583 1303 2616 uolux
1329 2593 1373 2614 σεε
1397 2582 1499 2616 uolox
1524 2584 1553 2615 P

1231 2638 1278 2672 7*
