1709 2885
38 753 75 785 10

37 1033 74 1065 15

36 1312 77 1344 20

0 1591 75 1624 ³25

0 1868 76 1906 330

559 139 612 172 DE
636 138 769 172 BELLO
793 137 1056 171 IL'GURTHINO
1463 135 1513 175 93

103 243 176 282 hus
197 242 358 282 sarcinis
379 242 536 281 abiectis
566 253 664 292 aqua
684 241 798 280 modo
819 253 939 292 seque
960 246 997 280 et
1018 241 1188 280 iumenta
1210 253 1385 280 onerare.
1427 240 1514 280 dein
1539 250 1557 281 3

102 304 308 350 postquam
342 304 494 350 tempus
535 298 672 342 visum,
718 298 853 337 castris
896 298 1091 347 egreditur
1130 303 1362 347 noctemque
1396 302 1515 336 totam

104 355 242 394 itinere
277 356 376 394 facto
412 353 599 394 consedit.
639 353 739 392 idem
775 365 962 405 proxuma
996 353 1099 400 facit,
1137 353 1226 392 dein
1261 354 1372 392 tertia
1392 353 1515 393 multo

104 417 192 450 ante
213 411 311 450 lucis
332 411 536 450 adventum
557 410 733 461 pervenit
754 409 793 449 in
815 410 944 449 locum
963 410 1203 449 tumulosum
1226 409 1271 448 ab
1294 410 1413 460 Capsa
1435 422 1514 449 non

103 467 268 518 amplius
290 467 408 506 duum
431 466 579 505 milium
600 466 820 509 intervallo,
842 466 973 517 ibique
996 478 1108 518 quam
1141 465 1415 505 occultissume
1444 478 1516 517 po-

101 530 176 562 test
206 536 294 562 cum
324 523 506 562 omnihus
535 521 657 574 copiis
686 523 873 572 operitur.
915 522 981 561 sed
1011 522 1077 561 ubi
1109 522 1190 561 dies
1221 523 1348 574 coepit
1379 528 1416 561 et
1435 522 1516 560 Nu·
1540 530 1560 562 4

103 579 225 618 midae
247 579 343 618 nihil
362 579 501 618 hostile
521 583 738 617 metuentes
759 579 870 618 multi
894 579 1036 630 oppido
1059 579 1217 629 egressi,
1239 585 1400 629 repente
1433 590 1516 617 om-

102 647 192 675 nem
222 636 433 687 equitatum
465 641 500 674 et
531 646 618 673 cum
649 634 703 673 eis
731 634 1008 674 velocissumos
1036 635 1186 687 pedites
1219 646 1336 674 cursu
1357 635 1516 673 tendere

103 692 149 731 ad
172 691 331 743 Capsam
363 699 399 731 et
427 696 559 743 portas
589 690 765 729 obsidere
795 690 912 729 iubet.
955 691 1093 730 deinde
1122 691 1206 742 ipse
1229 691 1404 730 intentus
1424 703 1517 742 pro-

104 760 198 800 pere
213 748 323 799 sequi
338 759 465 798 neque
482 747 622 785 milites
639 746 813 797 praedari
827 747 965 786 sinere.
1004 760 1101 798 quae
1111 753 1317 799 postquam
1334 747 1518 798 oppidani
1542 755 1560 786 5

104 816 332 855 cognovere,
355 815 416 842 res
437 803 609 854 trepidae
630 808 756 841 metus
777 803 916 854 ingens
938 804 1080 842 malum
1102 804 1356 855 inprovisum,
1378 804 1422 843 ad
1445 804 1517 842 hoc

103 873 192 911 pars
221 860 361 899 civium
391 865 496 898 extra
523 859 677 897 moenia
706 859 744 899 in
777 859 947 898 hostium
969 866 1159 910 potestate
1190 871 1351 910 coegere
1373 860 1429 898 uti
1452 860 1518 898 de-

103 916 289 955 ditionem
318 916 501 955 facerent.
551 921 721 954 ceterum
753 915 941 967 oppidum
970 916 1197 963 incensum,
1227 916 1415 955 Numidae
1445 928 1518 967 pu·
1542 922 1560 954 6

104 973 214 1011 heres
235 972 441 1019 interfecti,
464 971 527 1010 alii
550 984 685 1010 omnes
705 972 927 1019 venundati,
949 972 1091 1023 praeda
1107 972 1292 1012 militibus
1310 972 1440 1013 divisa.
1482 972 1518 1010 id
1542 980 1558 1010 τ

103 1028 255 1067 facinus
285 1034 420 1067 contra
448 1028 509 1066 ius
537 1027 626 1066 belli
660 1040 738 1066 non
762 1029 916 1067 avaritia
938 1041 1065 1080 neque
1089 1029 1234 1068 scelere
1261 1029 1434 1067 consulis
1454 1028 1519 1067 ad·

103 1084 285 1132 missum,
308 1084 375 1123 sed
397 1084 486 1135 quia
506 1084 615 1123 locus
636 1084 845 1134 Iugurthae
867 1091 1134 1136 opportunus,
1157 1085 1270 1124 nobis
1291 1086 1396 1124 aditu
1421 1085 1520 1124 diffi—

104 1140 200 1184 cilis,
223 1152 346 1190 genus
367 1140 569 1179 hominum
591 1140 733 1180 mobile
754 1141 929 1187 infidum,
946 1148 1034 1180 ante
1050 1154 1179 1193 neque
1195 1141 1375 1181 benificio
1393 1154 1520 1192 neque

104 1202 208 1236 metu
231 1197 455 1235 coercitum.

216 1252 427 1303 Postquam
448 1257 592 1291 tantam
613 1265 695 1291 rem
716 1249 860 1291 Marius
881 1254 966 1292 sine
987 1252 1066 1291 ullo
1089 1265 1250 1292 suorum
1271 1253 1519 1292 incommodo
1544 1255 1594 1291 92

108 1339 115 1347 .
141 1340 148 1346 .
173 1338 180 1346 .
206 1339 213 1347 .
239 1320 403 1358 magnus
433 1315 469 1347 et
499 1309 626 1347 clarus
647 1315 759 1348 antea
779 1309 902 1347 maior
921 1316 1035 1360 atque
1058 1309 1197 1348 clarior
1224 1309 1357 1348 haberi
1379 1310 1517 1360 coepit.

104 1365 232 1404 omnia
262 1377 341 1403 non
371 1365 471 1403 bene
503 1365 679 1404 consulta
710 1365 749 1404 in
770 1366 950 1404 virtutem
973 1365 1248 1411 trahebantur,
1273 1365 1415 1404 milites
1436 1378 1519 1404 mo·
1543 1372 1561 1404 2

103 1421 210 1460 desto
232 1421 396 1472 imperio
417 1421 536 1459 habiti
566 1421 681 1460 simul
702 1427 739 1460 et
758 1421 971 1472 locupletes
991 1422 1038 1460 ad
1061 1422 1208 1461 caelum
1231 1422 1352 1469 serre,
1382 1422 1520 1462 Numi·

103 1477 172 1516 dae
201 1477 322 1528 magis
352 1489 467 1528 quam
496 1477 698 1516 mortalem
729 1478 886 1523 timere,
917 1484 1115 1529 postremo
1147 1490 1303 1524 omnes,
1338 1479 1431 1517 socii
1464 1485 1520 1518 at-

105 1545 180 1584 que
210 1533 362 1580 hostes,
397 1533 555 1572 credere
576 1534 631 1572 illi
661 1539 726 1571 aut
756 1539 924 1572 mentem
958 1534 1123 1573 divinam
1150 1547 1234 1572 esse
1265 1542 1331 1573 aut
1360 1535 1519 1574 deorum

105 1596 203 1628 nutu
225 1596 365 1628 cuncta
386 1589 579 1641 portendi.
615 1590 683 1628 sed
706 1589 856 1636 consul,
879 1590 944 1628 ubi
968 1602 1010 1628 ea
1032 1602 1094 1629 res
1115 1590 1216 1629 bene
1233 1590 1371 1632 evenit.
1389 1591 1434 1629 ad
1450 1591 1521 1630 alia
1543 1598 1561 1627 3

105 1645 246 1697 oppida
266 1646 414 1697 pergit,
437 1657 558 1697 pauca
581 1646 892 1697 repugnantibus
912 1646 1089 1685 Numidis
1119 1647 1239 1698 capit,
1269 1647 1381 1698 plura
1412 1677 1420 1685 .

105 1707 265 1753 propter
286 1702 538 1753 Capsensium
559 1702 734 1741 miserias
755 1702 837 1752 igni
859 1703 1102 1754 conrumpit:
1125 1703 1231 1742 luctu
1261 1709 1376 1754 atque
1406 1704 1520 1743 caede

105 1759 234 1797 omnia
269 1758 517 1809 conplentur.
558 1758 727 1808 denique
761 1758 893 1798 multis
928 1759 1024 1797 locis
1060 1759 1209 1810 potitus
1243 1771 1287 1798 ac
1322 1759 1520 1810 plerisque
1544 1765 1564 1797 4

106 1814 278 1853 exercitu
308 1815 535 1861 incruento,
566 1815 678 1852 aliam
707 1826 789 1852 rem
819 1814 1042 1865 aggreditur
1061 1828 1140 1853 non
1164 1815 1295 1854 eadem
1317 1816 1520 1867 asperitate

106 1882 181 1921 qua
202 1868 477 1921 Capsensium,
501 1877 673 1909 ceterum
692 1870 794 1909 haud
817 1883 931 1909 secus
952 1870 1157 1909 difficilem.

217 1925 392 1977 Namque
421 1925 523 1964 haud
554 1926 669 1976 longe
699 1938 719 1965 a
747 1927 908 1966 flumine
929 1927 1154 1974 Muluccha,
1187 1927 1291 1979 quod
1312 1928 1520 1978 Iugurthae
1543 1934 1561 1964 5

106 1981 329 2032 Bocchique
346 1993 510 2031 regnum
529 1981 763 2033 diiungebat‚
787 1990 867 2022 erat
887 1983 990 2022 inter
1011 1991 1176 2023 ceteram
1194 1984 1393 2035 planitiem
1408 1996 1522 2024 mons

106 2049 243 2076 saxeus
273 2037 460 2076 mediocri
492 2038 649 2077 castello
680 2039 770 2078 satis
798 2045 956 2090 patens,
988 2040 1028 2078 in
1051 2039 1273 2079 inmensum
1295 2040 1420 2079 editus
1441 2053 1521 2080 uno

106 2099 343 2145 perangusto
381 2093 484 2133 aditu
519 2094 676 2134 relicto:
719 2107 806 2134 nam
842 2097 968 2135 omnis
1003 2102 1138 2136 natura
1174 2097 1277 2136 velut
1312 2109 1430 2148 opere
1466 2104 1521 2136 at-

107 2161 182 2200 que
204 2150 383 2189 consulto
407 2162 604 2202 praeceps.
647 2163 763 2202 quem
784 2151 912 2191 locum
933 2152 1090 2200 Marius,
1114 2153 1216 2204 quod
1239 2153 1290 2192 ibi
1312 2153 1415 2204 regis
1436 2155 1521 2194 the·
1544 2157 1563 2189 6

106 2206 208 2245 sauri
241 2211 370 2253 erant,
401 2218 550 2246 summa
577 2207 612 2245 vi
642 2219 779 2259 capere
809 2208 989 2247 intendit.
1030 2209 1096 2248 sed
1119 2221 1161 2248 ea
1191 2221 1252 2248 res
1281 2209 1380 2249 forte
1406 2223 1520 2262 quam

198 2306 238 2337 14
256 2305 439 2338 uenundati
453 2306 516 2346 PC,
529 2315 671 2339 uaenum
684 2308 754 2348 (vel
763 2311 897 2349 uenum)
911 2308 980 2340 dati
996 2308 1038 2350 ΟΠ
1051 2310 1087 2341 17
1103 2313 1179 2341 ante
1193 2309 1256 2349 PC,
1271 2318 1335 2340 om.
1353 2308 1396 2352 Css
1407 2310 1448 2341 20
1464 2321 1524 2341 ea·-

107 2349 193 2381 cidz't
210 2351 350 2381 verbum
364 2353 400 2382 in
414 2350 488 2383 PCz
499 2363 510 2381 .·
527 2351 654 2393 peregit
663 2356 744 2395 post
760 2352 883 2386 Marius
901 2355 1063 2385 inserunt
1077 2353 1214 2395 aliquot
1230 2354 1263 2391 C,
1281 2353 1360 2386 serit
1377 2354 1432 2386 uel
1450 2365 1522 2397 per-

106 2393 266 2436 egitpost
277 2404 417 2437 magnus
432 2406 532 2435 unus,
546 2394 655 2429 effecit
672 2398 729 2429 vel
738 2398 884 2440 patrauit
897 2401 977 2440 post
987 2398 1200 2432 incommodo
1214 2410 1232 2430 :-
1244 2398 1351 2432 (illud
1363 2401 1522 2441 optimus.

104 2438 165 2470 sed
179 2441 217 2470 in
235 2439 488 2483 [itm-amatque
501 2451 525 2472 ε.
539 2451 565 2472 s.
579 2442 627 2484 ΡΠ
640 2443 677 2474 21
696 2446 776 2485 post
787 2443 940 2481 consulta
957 2454 975 2474 z
991 2446 1099 2485 pauci
1115 2446 1180 2476 ins.
1194 2453 1310 2476 uerum
1324 2444 1424 2476 etiam
1443 2455 1521 2477 casn

106 2482 182 2516 data
202 2482 214 2527 ll
232 2485 272 2518 26
286 2485 420 2517 excidit
438 2486 665 2528 participium
684 2489 719 2518 in
733 2487 789 2520 PC
808 2492 842 2520 et
859 2490 896 2520 in
914 2489 1052 2530 optimis
1068 2499 1097 2528 z,
1115 2488 1246 2522 deserta
1263 2489 1373 2531 suppl.
1385 2500 1402 2520 z
1422 2493 1483 2528 (eae
1499 2488 1525 2521 C

107 2528 211 2561 aeter.
225 2532 354 2568 unus?)
375 2529 386 2572 Π
404 2532 445 2562 29
461 2530 652 2572 aggreditur
665 2543 710 2564 ea:
723 2533 890 2574 egreditur
903 2534 933 2565 P
947 2533 958 2575 ΙΙ
977 2535 1014 2566 31
1032 2533 1207 2566 muluccha
1222 2534 1284 2571 PC,
1299 2533 1456 2568 mulucha
1468 2534 1525 2566 vel

106 2573 258 2606 malucha
276 2575 515 2607 velmuluchae
530 2575 557 2608 C
569 2576 581 2618 {l
601 2577 640 2609 32
660 2576 885 2620 dii-,ungebat
900 2579 936 2619 P,
954 2577 1165 2620 disiungehat
1182 2578 1208 2611 C
1221 2578 1233 2622 l}
1253 2581 1294 2612 33
1312 2579 1457 2622 meditus
1470 2580 1522 2624 Pu

108 2619 150 2651 34
165 2618 275 2651 omnia
285 2619 348 2659 PC,
363 2620 451 2653 omni
466 2620 520 2652 vel
532 2621 639 2653 omnis
651 2620 684 2661 C,
700 2623 807 2655 omnis
821 2633 838 2656 a
855 2627 972 2655 natura
984 2623 1121 2655 Dietsclz
1140 2622 1152 2667 ΙΙ
1173 2620 1315 2667 35‘regis
1330 2635 1374 2658 eat
1386 2635 1482 2667 reges
1497 2629 1527 2659 P
