1709 2885
0 706 57 764 'to

17 991 55 1023 15

12 1270 54 1304 20

543 98 597 131 DE
623 96 755 130 BELLO
779 96 1042 130 1UGURTH1N0
1448 92 1500 132 95

89 199 239 240 itineris
267 199 510 251 periculique
539 199 689 239 ducem.
739 199 883 239 Marius
908 210 997 238 cum
1027 198 1170 249 Ligure
1199 198 1390 249 promissa
1419 198 1502 237 eius
1525 205 1542 234 7

89 256 288 306 cognitum
311 268 356 294 ex
376 255 646 308 praesentibus
667 255 783 303 misit,
810 267 978 306 quorum
999 254 1055 293 uti
1079 253 1270 305 cuiusque
1299 253 1501 305 ingenium

90 318 192 359 erat,
214 312 262 350 ita
285 324 365 350 rem
388 311 582 351 difficilem
604 318 669 351 aut
690 311 838 351 facilem
870 310 1108 350 nuntiavere.
1150 309 1323 349 consulis
1349 309 1501 349 animus

89 374 218 408 tamen
238 367 396 419 paulum
413 368 603 407 adrectus.
635 367 764 419 itaque
781 381 826 407 ex
842 367 952 418 copia
969 366 1185 406 tubicinum
1204 372 1239 404 et
1256 366 1501 405 cornicinum
1524 372 1542 404 8

89 435 252 464 numero
274 424 449 476 quinque
471 436 584 475 quam
607 423 881 463 velocissumos
902 422 1044 474 delegit
1065 429 1102 461 et
1123 434 1211 460 cum
1233 422 1288 460 eis
1308 421 1500 473 praesidio

88 480 155 531 qui
175 481 305 519 forent
320 486 503 531 quattuor
523 480 784 527 centuriones,
807 478 1012 530 omnisque
1027 477 1161 528 Liguri
1183 490 1319 529 parere
1337 477 1444 517 iubet
1465 484 1501 516 et

89 536 123 576 ei
144 537 300 587 negotio
318 548 550 587 proxumum
572 536 671 575 diem
694 536 906 574 constituit.
939 535 1006 574 sed
1027 534 1093 573 ubi
1110 546 1154 573 ex
1176 540 1384 585 praecepto
1401 540 1498 573 tem·
1522 536 1572 572 94

87 605 162 644 pus
185 592 320 640 visum,
342 593 484 643 paratis
508 591 800 643 conpositisque
822 591 1003 630 omnibus
1024 591 1068 630 ad
1099 590 1228 629 locum
1244 590 1382 641 pergit.
1435 603 1497 629 ce-

87 655 213 688 terum
235 648 311 695 illi,
343 648 409 700 qui
431 661 451 687 e
475 648 660 687 centuriis
681 652 810 696 erant,
841 647 1035 698 praedocti
1056 646 1102 686 ab
1131 646 1230 685 duce
1251 659 1354 686 arma
1384 658 1498 686 orna-

85 711 247 756 tumque
269 710 519 752 mutaverant,
542 704 666 755 capite
687 710 801 755 atque
823 704 987 754 pedihus
1022 703 1149 749 nudis,
1180 702 1234 741 uti
1264 709 1498 754 prospectus

85 761 273 812 nisusque
295 772 366 811 per
385 772 471 798 saxa
493 760 643 799 facilius
665 760 783 799 foret:
807 772 925 810 super
947 765 1053 810 terga
1074 759 1189 810 gladii
1212 765 1249 797 et
1270 765 1398 806 scuta,
1437 772 1498 798 ve-

85 829 170 855 rum
193 829 235 856 ea
255 816 456 855 Numidica
478 828 523 854 ex
544 815 673 863 coriis,
702 815 887 867 ponderis
910 816 1028 866 gratia
1050 815 1162 854 simul
1187 821 1224 854 et
1244 815 1389 854 offensa
1420 827 1497 866 quo

83 873 204 912 levius
225 878 453 923 streperent.
495 872 612 922 igitur
633 871 907 923 praegrediens
928 871 1048 923 Ligus
1070 883 1157 910 saxa
1179 876 1216 909 et
1236 871 1369 922 siquae
1391 878 1496 910 vetu-
1520 876 1539 908 2

85 934 163 968 stae
189 929 336 967 radices
360 928 582 967 eminebant
602 928 755 979 laqueis
772 927 974 975 vinciebat,
1006 927 1148 979 quibus
1173 927 1332 967 adlevati
1356 927 1497 967 milites

84 984 234 1024 facilius
263 985 528 1031 escenderent,
559 985 754 1023 interdum
783 984 938 1025 timidos
968 983 1172 1022 insolentia
1195 984 1344 1023 itineris
1373 984 1498 1023 levare

81 1053 211 1086 manu,
234 1040 300 1079 ubi
317 1040 431 1092 paulo
452 1041 626 1091 asperior
643 1052 826 1079 ascensus
848 1046 941 1087 erat,
963 1039 1139 1090 singulos
1154 1052 1247 1090 prae
1268 1052 1309 1079 se
1326 1040 1496 1079 inermos
1549 1060 1553 1062 ν

81 1097 246 1144 mittere,
273 1097 412 1136 deinde
434 1097 517 1148 ipse
539 1109 627 1135 curn
648 1096 801 1135 illorum
824 1097 938 1137 armis
961 1096 1093 1147 sequi,
1126 1108 1224 1146 quae
1246 1096 1360 1135 dubia
1393 1096 1495 1135 nisui

80 1153 310 1191 videbantur
329 1153 568 1204 potissumus
590 1158 777 1204 temptare
799 1165 842 1191 ac
863 1152 1017 1204 saepius
1039 1152 1172 1191 eadem
1192 1153 1406 1191 ascendens
1429 1153 1494 1191 de-

83 1209 373 1260 scendensque,
406 1209 493 1248 dein
525 1209 650 1248 statim
680 1209 914 1259 digrediens,
947 1208 1085 1248 ceteris
1114 1208 1311 1247 audaciam
1341 1208 1492 1248 addere.

83 1265 201 1316 igitur
230 1265 295 1303 diu
325 1264 568 1316 multumque
596 1265 738 1316 fatigati
768 1265 922 1303 tandem
943 1265 982 1311 in
1015 1264 1213 1303 castellum
1248 1265 1494 1316 perveniunt,
1516 1269 1535 1302 3

81 1321 275 1360 desertum
305 1321 352 1360 ab
373 1334 415 1360 ea
448 1327 569 1373 parte,
600 1322 704 1372 quod
733 1333 868 1360 omnes
889 1321 989 1359 sicut
1016 1321 1100 1359 aliis
1122 1320 1257 1359 diebus
1288 1321 1493 1360 advorsum

78 1377 202 1416 hostis
222 1377 392 1416 aderant.
432 1378 575 1416 Marius
606 1378 671 1416 ubi
693 1390 738 1416 ex
759 1377 907 1416 nuntiis
928 1389 1026 1427 quae
1048 1376 1167 1426 Ligus
1197 1382 1326 1426 egerat
1347 1389 1493 1428 cogno-

77 1433 141 1480 vit,
170 1446 401 1484 quamquam
425 1440 503 1472 toto
526 1434 587 1473 die
615 1435 786 1473 intentos
808 1433 956 1484 proelio
978 1433 1163 1471 Numidas
1183 1432 1381 1480 habuerat,
1412 1438 1493 1472 tum

77 1501 167 1528 vero
189 1489 413 1529 cohortatus
442 1490 583 1529 milites
605 1495 642 1528 et
672 1490 756 1540 ipse
778 1495 882 1528 extra
905 1489 1032 1527 vineas
1064 1500 1265 1539 egressus,
1297 1489 1492 1529 testudine

79 1553 161 1585 acta
181 1546 390 1584 succedere
412 1552 448 1585 et
468 1545 582 1585 simul
611 1545 763 1584 hostem
795 1545 997 1583 tormentis
1019 1544 1303 1595 sagittariisque
1333 1552 1370 1585 et
1403 1546 1491 1584 fun-

78 1601 266 1641 ditoribus
288 1601 439 1641 eminus
459 1608 618 1641 terrere.
660 1608 696 1640 at
723 1601 911 1640 Numidae
932 1613 1047 1651 saepe
1076 1606 1186 1640 antea
1210 1601 1329 1640 vineis
1349 1601 1491 1641 Roma-
1514 1608 1533 1638 4

76 1670 218 1697 norum
240 1658 435 1697 subversis
455 1658 546 1697 item
569 1658 754 1705 incensis,
776 1670 854 1696 non
878 1656 1024 1695 castelli
1058 1656 1265 1696 moenibus
1282 1670 1368 1697 sese
1389 1663 1490 1697 tuta-

75 1713 232 1762 bantur,
248 1715 314 1753 sed
336 1727 407 1765 pro
428 1727 541 1753 muro
563 1714 644 1753 dies
666 1714 871 1764 noctisque
892 1713 1049 1763 agitare,
1071 1713 1169 1752 male
1191 1713 1319 1752 dicere
1350 1714 1490 1753 Roma-

76 1770 137 1809 nis
157 1783 200 1809 ac
216 1770 336 1809 Mario
357 1771 572 1809 vecordiam
588 1770 795 1816 obiectare,
817 1768 1002 1807 militibus
1017 1769 1161 1807 nostris
1178 1769 1387 1819 Iugurthae
1408 1782 1490 1809 ser-

75 1826 207 1865 vitium
228 1826 381 1873 minari,
403 1826 584 1865 secundis
600 1825 718 1864 rebus
733 1825 884 1864 feroces
906 1837 1001 1863 esse.
1038 1824 1193 1863 interim
1214 1825 1395 1865 omnibus
1411 1826 1490 1864 Ro·
1514 1832 1532 1862 5

75 1882 199 1921 manis
220 1882 475 1933 hostibusque
491 1882 641 1933 proelio
658 1881 830 1926 intentis,
852 1893 990 1931 magna
1011 1881 1208 1932 utrimque
1228 1882 1262 1919 vi
1279 1894 1350 1933 pro
1368 1882 1490 1932 gloria

75 1944 190 1989 atque
208 1938 370 1988 imperio
391 1938 452 1976 his
473 1938 548 1976 illis
568 1950 639 1989 pro
661 1937 784 1977 salute
805 1936 1042 1976 certantibus
1073 1943 1234 1988 repente
1256 1950 1276 1976 a
1306 1943 1414 1988 tergo
1437 1939 1486 1978 si-

165 2073 183 2103 5
202 2070 349 2113 quinque
367 2070 495 2102 milium
511 2081 552 2109 z,·
575 2070 753 2102 Frontino
779 2079 915 2111 quoque
933 2070 953 2102 l.
971 2080 997 2102 c.
1012 2071 1117 2101 nimis
1137 2080 1250 2112 parva
1266 2080 1391 2101 manus
1403 2071 1489 2111 visa,

75 2117 135 2158 qui
157 2118 207 2147 sic
232 2117 425 2147 variaverit
441 2114 585 2147 Sallusti
602 2116 798 2147 orationem
821 2124 947 2157 paucos
965 2114 1189 2156 centuriones,
1216 2115 1336 2158 quibus
1361 2114 1490 2158 persec-

74 2160 224 2193 tissimos
241 2170 315 2193 cum
332 2159 556 2193 uelocissimis
572 2159 734 2192 militibus
752 2163 946 2192 aeneatores
964 2159 1205 2197 immiscuerat;
1231 2161 1324 2193 unde
1340 2160 1489 2192 editores

73 2205 197 2238 milites
222 2206 318 2248 apud
334 2205 539 2237 Sallustium
563 2205 733 2237 eoeoz’dz'sse
754 2215 991 2247 praepropere
1013 2206 1183 2246 suspicati
1201 2209 1285 2237 sunt
1306 2204 1487 2247 (praesidio

74 2250 132 2294 qui
156 2250 266 2283 forent
291 2254 324 2283 et
349 2253 507 2293 quattuor
532 2253 779 2291 temptaveram
799 2249 944 2291 ed.pr1'.)
965 2248 975 2292 ΙΙ
994 2252 1010 2281 Τ
1031 2250 1243 2292 temptusPss
1264 2252 1282 2283 9
1301 2250 1357 2293 qui
1377 2260 1394 2282 e
1412 2259 1487 2282 cen—

72 2295 167 2328 turiis
184 2298 278 2328 erant
294 2296 340 2327 Pz
358 2297 433 2336 (qui
449 2295 515 2335 ex),
540 2295 633 2336 quod
647 2294 790 2334 defendi
801 2295 918 2327 Herm.
938 2296 966 2335 1,
984 2294 1071 2327 250:
1096 2294 1152 2337 qui
1171 2295 1329 2327 centuriis
1347 2297 1394 2336 (et
1411 2304 1487 2328 cen-

72 2340 178 2373 turiae
203 2340 405 2381 deteriores)
430 2342 605 2382 praeerant
624 2338 657 2380 C,
681 2341 752 2371 nisi
775 2339 869 2381 quod
891 2339 948 2382 qui
973 2340 1142 2372 ascensuri
1167 2343 1262 2372 erant
1285 2351 1377 2372 unus
1392 2351 1436 2373 m.
1456 2341 1485 2379 1,

73 2385 137 2416 alii
151 2396 176 2417 s.
193 2395 218 2417 s.
229 2397 242 2425 ,·
266 2385 323 2427 qui
341 2384 592 2417 centurionibus
617 2384 684 2425 (vel
699 2395 739 2417 ex
756 2385 857 2425 cent.)
875 2387 1050 2427 praeerant
1066 2395 1106 2416 z:
1132 2384 1188 2427 qui
1207 2385 1375 2419 escensuri
1394 2388 1488 2417 erant

74 2430 198 2463 Carrio
215 2429 226 2471 ss
248 2431 287 2462 10
305 2433 504 2472 prospectus
522 2440 567 2461 ειη
583 2429 752 2471 profectus
769 2428 781 2472 H
803 2431 843 2462 16
868 2438 946 2471 prae
964 2438 999 2461 se
1019 2429 1053 2469 C,
1078 2439 1136 2472 per
1161 2440 1196 2462 se
1210 2430 1272 2472 pC⁷
1297 2440 1356 2472 pro
1382 2440 1417 2462 se
1434 2427 1485 2471 Pil

75 2476 114 2507 17
139 2474 272 2506 illorum
290 2474 324 2515 C,
349 2474 490 2507 aliorum
507 2472 559 2516 Pl}
583 2475 620 2506 19
638 2473 835 2515 degrediens
851 2473 905 2516 ΡΙΙ
925 2475 965 2506 22
984 2478 1191 2514 cognoumt
1216 2474 1342 2514 (fuitne
1363 2484 1486 2516 cogno-

72 2520 203 2559 uerat‘?)
220 2520 250 2551 P
264 2519 275 2561 ΙΙ
292 2520 334 2553 23
360 2522 431 2552 tota
451 2529 476 2561 p
494 2518 505 2561 ΙΙ
525 2520 567 2551 24
593 2527 747 2560 egressus
766 2519 800 2560 C,
822 2528 996 2560 regressus
1013 2518 1070 2550 PC
1085 2517 1096 2561 Η
1114 2523 1165 2552 est
1189 2523 1270 2551 ante
1294 2520 1409 2552 uineas
1434 2521 1486 2551 in-

71 2568 195 2596 serunt
217 2563 280 2605 PC,
303 2568 384 2606 post
405 2564 521 2596 uineas
548 2563 574 2595 C
587 2562 598 2606 H
618 2565 660 2596 26
687 2566 807 2596 terrere
837 2575 882 2595 εει·
907 2565 1045 2596 terreret
1068 2564 1099 2594 Ρ
