1709 2885
170 76 249 116 142
309 79 480 114 INCERTI
506 79 766 114 SALLUSTIUS
792 80 849 114 AD
874 80 1105 114 CAESAREM
1134 81 1189 115 DE
1213 82 1269 115 RE
1293 82 1476 118 PUBLICA
1499 85 1526 118 11

166 182 270 222 mani
290 195 486 222 summum
507 190 622 235 atque
654 184 838 223 invictum
861 184 1067 235 imperium
1090 185 1288 225 tabescere
1317 191 1504 225 vetustate
1527 199 1592 226 ac-

123 246 143 278 6
165 252 238 292 per
266 252 455 279 summam
485 240 702 279 socordiam
733 240 847 279 dilabi
887 240 1057 292 patiaris.
1098 241 1296 292 profecto,
1326 242 1358 280 si
1388 242 1426 282 id
1446 243 1594 283 accidat

166 309 294 348 neque
316 296 383 335 tibi
415 309 492 336 nox
514 309 642 347 neque
665 297 745 336 dies
768 309 898 336 curam
913 297 1032 336 animi
1052 298 1251 346 sedaverit,
1270 298 1365 350 quin
1386 299 1593 339 insomniis

124 361 141 391 7
167 354 372 401 exercituS,
394 353 630 392 furibundus
651 359 767 404 atque
796 366 929 393 amens
958 354 1120 393 alienata
1143 360 1274 393 mente
1293 355 1442 395 feraris.
1482 368 1591 395 nam-

167 423 243 462 que
263 409 358 448 mihi
381 422 451 461 pro
483 422 573 449 vero
595 416 746 448 constat
775 411 950 449 omnium
981 411 1200 450 mortalium
1229 411 1343 450 vitam
1365 411 1494 451 divino
1517 425 1592 451 nu-

164 467 270 506 mine
293 466 471 514 invisier;
497 479 623 517 neque
655 466 800 505 bouum
832 479 960 517 neque
992 467 1134 506 malum
1157 467 1309 507 facinus
1330 468 1590 520 quoiusquam

164 535 237 575 pro
260 523 383 562 nihilo
404 523 552 569 haberi,
574 523 639 561 sed
663 535 707 561 ex
729 529 866 562 natura
883 524 1032 562 divorsa
1054 524 1223 574 praemia
1244 524 1370 563 honos
1391 525 1592 577 malosque

121 588 141 620 8
165 580 289 631 sequi.
331 579 479 618 interea
494 579 525 618 si
549 580 647 617 forte
664 592 706 618 ea
723 579 870 619 tardius
886 580 1118 631 procedunt,
1137 593 1232 619 suus
1249 581 1421 632 quoique
1437 582 1591 621 animus

166 649 209 675 ex
233 635 473 675 conscientia
494 648 602 687 spem
626 636 798 686 praebet.

92 696 140 732 13
280 692 426 738 Quodsi
447 699 576 731 tecum
599 692 719 743 patria
747 698 861 744 atque
890 698 1072 744 parentes
1105 700 1266 744 possent
1286 693 1420 744 loqui,
1442 693 1592 733 scilicet

167 750 262 788 haec
282 748 350 788 tibi
373 750 561 788 dicerent.
604 761 625 787 o
649 749 799 794 Caesar,
829 762 900 788 nos
924 757 960 788 te
991 750 1199 800 genuimus
1220 750 1422 789 fortissimi
1442 750 1526 798 viri,
1548 751 1589 790 in

167 805 312 858 optima
341 805 460 853 urbe,
506 806 625 845 decus
658 805 973 857 praesidiumque
1005 805 1138 854 nobis,
1178 806 1355 845 hostibus
1385 813 1587 846 terrorem.

121 869 140 902 2
165 875 264 914 quae
301 862 435 901 multis
470 862 668 901 laboribus
702 869 740 901 et
773 863 959 913 periculis
980 874 1230 914 ceperamus,
1261 876 1302 902 ea
1326 863 1392 901 tibi
1416 864 1591 903 nascenti

164 931 254 958 cum
275 920 402 958 anima
438 919 554 958 simul
582 918 825 967 tradidimus,
861 919 1023 970 patriam
1057 931 1272 958 maxumam
1296 921 1334 958 in
1370 920 1497 967 terris,
1520 920 1589 959 do-

163 988 270 1015 mum
299 975 561 1027 familiamque
593 976 634 1015 in
664 976 786 1027 patria
824 975 1089 1022 clarissimam,
1122 982 1318 1026 praeterea
1351 976 1473 1015 bonas
1495 978 1588 1016 artis

163 1033 348 1072 honestas
369 1033 539 1080 divitias,
562 1039 760 1084 postremo
798 1033 924 1071 omnia
962 1032 1255 1070 honestamenta
1291 1032 1398 1083 pacis
1419 1038 1455 1072 et
1476 1045 1590 1084 prae-

121 1097 140 1129 3
163 1089 238 1128 mia
259 1089 364 1128 belli.
405 1101 477 1140 pro
500 1090 547 1128 iis
568 1088 816 1140 amplissimis
831 1088 1029 1127 beneficiis
1052 1101 1130 1126 non
1153 1088 1340 1138 flagitium
1361 1101 1381 1127 a
1402 1095 1440 1128 te
1463 1102 1591 1140 neque

164 1147 306 1185 malum
327 1145 479 1185 facinus
515 1146 702 1197 petimus,
738 1146 803 1184 sed
841 1146 919 1184 utei
954 1144 1170 1183 libertatem
1201 1157 1373 1184 eversam
1394 1145 1589 1185 restituas.

120 1210 139 1242 4
164 1215 239 1254 qua
260 1215 303 1242 re
324 1208 471 1255 patrata
492 1204 669 1254 profecto
699 1214 768 1253 per
791 1208 927 1252 gentes
949 1213 1085 1239 omnes
1113 1202 1210 1240 sama
1240 1202 1393 1240 virtutis
1413 1207 1502 1241 tuae
1522 1214 1589 1241 vo·

121 1267 140 1298 5
163 1259 297 1299 litabit.
348 1271 517 1310 namque
551 1259 623 1298 hac
657 1264 886 1309 tempestate
920 1258 1071 1297 tametsi
1094 1258 1195 1296 domi
1218 1258 1455 1310 militiaeque
1476 1271 1590 1311 prae-

163 1317 265 1355 clara
286 1316 458 1355 facinora
493 1315 625 1366 egisti,
656 1322 782 1354 tamen
814 1315 934 1366 gloria
955 1320 1020 1353 tua
1051 1327 1138 1354 cum
1161 1314 1291 1354 multis
1312 1315 1403 1354 viris
1424 1315 1590 1355 fortibus

162 1372 333 1424 aequalis
360 1379 430 1412 est.
472 1373 503 1411 si
533 1384 624 1411 vero
652 1372 787 1411 urbem
819 1372 1057 1423 amplissimo
1081 1372 1239 1411 nomine
1258 1378 1295 1411 et
1316 1384 1495 1411 maxumo
1517 1373 1588 1411 im-

162 1431 271 1481 perio
298 1442 422 1481 prope
439 1429 512 1468 iam
535 1429 581 1468 ab
598 1441 739 1467 occasu
764 1428 994 1475 restitueris,
1023 1428 1110 1480 quis
1131 1435 1168 1467 te
1185 1428 1338 1475 clarior,
1365 1429 1452 1480 quis
1468 1429 1592 1468 maior

119 1494 138 1526 6
161 1488 201 1526 in
223 1487 338 1526 terris
361 1484 507 1524 fuerit?
531 1486 677 1537 quippe
701 1486 732 1523 si
754 1485 891 1524 morbo
914 1485 987 1523 iam
1009 1492 1074 1524 aut
1091 1485 1166 1523 sato
1189 1485 1280 1525 huic
1295 1485 1460 1536 imperio
1477 1497 1590 1525 secus

161 1543 328 1590 accidat,
352 1543 414 1581 cui
443 1542 604 1581 dubium
636 1547 694 1580 est
722 1542 816 1592 quin
839 1554 910 1593 per
932 1542 1064 1580 orbem
1093 1547 1285 1580 terrarum
1316 1542 1469 1581 vastitas
1490 1541 1589 1582 bella

162 1600 299 1639 caedes
316 1597 522 1638 oriantur?
542 1598 680 1649 quodsi
697 1598 763 1636 tibi
781 1598 881 1636 bona
899 1598 1030 1636 lubido
1048 1597 1164 1636 suerit
1180 1598 1325 1649 patriae
1341 1599 1589 1650 parentibus-

161 1669 237 1707 que
260 1655 512 1707 gratificandi‚
543 1661 780 1706 posteroque
813 1661 987 1705 tempore
1019 1666 1060 1693 re
1087 1654 1240 1705 publica
1272 1655 1448 1694 restituta
1470 1668 1591 1707 super

161 1713 288 1752 omnis
310 1712 485 1751 mortalis
499 1712 619 1761 gloria
637 1711 799 1761 agitabis
817 1718 959 1761 tuaque
1000 1712 1117 1750 unius
1133 1724 1239 1750 mors
1257 1712 1327 1750 vita
1345 1711 1486 1750 clarior
1502 1713 1589 1752 erit,

117 1777 135 1807 7
162 1782 248 1808 nam
271 1769 375 1807 vivos
396 1768 592 1807 interdum
615 1769 783 1813 fortuna,
806 1780 922 1818 saepe
945 1767 1084 1806 invidia
1105 1767 1256 1818 fatigat:
1281 1767 1347 1806 ubi
1370 1768 1497 1807 anima
1520 1781 1589 1808 na-

159 1833 270 1866 turae
291 1825 421 1872 cessit,
443 1825 609 1876 demptis
631 1824 969 1871 obtrectatoribus,
994 1823 1077 1875 ipsa
1099 1836 1140 1862 se
1160 1825 1282 1863 virtus
1303 1824 1425 1875 magis
1446 1826 1588 1876 magis-

160 1895 237 1934 que
257 1882 416 1922 extollit.

115 1946 134 1978 8
272 1939 378 1985 Quae
400 1938 494 1977 mihi
527 1936 728 1976 utilissima
760 1937 862 1975 sactu
885 1936 961 1975 visa
987 1942 1079 1975 sunt
1101 1949 1279 1988 quaeque
1301 1937 1370 1977 tibi
1392 1938 1480 1977 usui
1505 1939 1588 1978 sore

159 1996 326 2042 credidi,
354 2007 468 2046 quam
492 1993 717 2046 paucisimis
739 1993 848 2044 potui
871 1993 1097 2044 perscripsi.
1135 1999 1307 2033 ceterum
1325 1994 1418 2034 deos
1440 1995 1588 2033 inmor-

156 2053 252 2092 talcs
274 2058 450 2104 optestor
471 2051 548 2097 uti,
581 2062 832 2101 quocumque
853 2050 968 2088 modo
991 2061 1094 2100 ages,
1118 2062 1160 2088 ea
1181 2063 1244 2089 res
1266 2050 1333 2089 tibi
1356 2051 1491 2102 reique
1512 2064 1587 2103 pu-

154 2109 278 2149 blicae
299 2121 489 2160 prospere
510 2107 672 2147 eveniat.

249 2212 265 2242 7
295 2209 425 2242 diuersa
451 2208 579 2248 Aldus,
611 2206 718 2239 diuisa
745 2206 804 2248 ΓΗ
828 2207 845 2238 S
874 2206 899 2238 si
927 2207 1031 2238 initio
1057 2217 1144 2239 vers,
1166 2217 1281 2249 paene
1305 2209 1451 2239 evanuit
1480 2209 1517 2239 in
1544 2207 1586 2249 V,

156 2266 223 2287 om.
247 2255 416 2287 editiones
435 2252 446 2297 ΙΙ
464 2255 505 2287 26
525 2251 788 2295 parentibusque
808 2251 847 2286 V,
874 2261 938 2293 que
964 2261 1028 2283 om.
1056 2252 1224 2283 editiones
1243 2251 1254 2294 Π
1273 2253 1312 2284 27
1339 2255 1476 2294 postero
1503 2263 1586 2295 quo-

156 2310 221 2343 que
249 2300 399 2332 oremus
415 2298 426 2341 Η
454 2300 495 2331 28
521 2297 627 2340 gloria
653 2297 798 2335 agitabis
821 2298 950 2337 scripsi
975 2296 1061 2329 Mus.
1086 2296 1193 2329 Rhen.
1221 2296 1280 2338 18,
1304 2297 1371 2330 586
1393 2308 1454 2339 sq„
1480 2297 1585 2339 gloria

157 2359 173 2375 s
194 2345 319 2385 agitabi
342 2345 347 2388 1
368 2347 470 2384 (eras.
496 2345 540 2383 m)
568 2343 618 2375 l.-
643 2346 798 2374 ‹wa-emo
823 2352 910 2373 vers,
941 2345 1162 2374 evanuerunt
1184 2353 1257 2374 nna
1281 2342 1413 2374 duaeve
1438 2343 1585 2384 lilim-ae,

157 2385 291 2423 litteras
308 2390 354 2432 hi,
379 2400 467 2432 quas
490 2392 561 2421 iam
584 2388 699 2419 seculo
716 2386 803 2420 XVI
819 2388 881 2418 sub
908 2390 1006 2418 carta
1031 2389 1254 2419 membranae
1277 2387 1504 2428 agglutinata
1528 2389 1586 2421 de-

158 2436 290 2468 lituisse.
312 2437 493 2477 scriptura
518 2434 607 2476 agita
632 2433 921 2475 apographorum
948 2444 965 2463 z·
987 2435 1125 2473 evincit,
1151 2433 1269 2465 deteaei
1285 2443 1315 2464 α.
1336 2432 1444 2465 1862:
1469 2434 1586 2476 agnita

157 2482 211 2513 vel
245 2490 365 2523 magna
397 2481 563 2512 edebatur
582 2479 593 2521 ΙΙ
610 2479 760 2517 fortasse
788 2477 855 2510 uita
886 2477 1067 2510 multorum
1088 2477 1099 2521 Η
1117 2479 1158 2510 32
1184 2477 1362 2511 utilissima
1381 2477 1418 2510 V
1445 2478 1584 2522 Laetus,

155 2527 252 2560 utilia
277 2526 382 2568 vulgo
399 2525 411 2570 ΙΙ
432 2528 472 2560 35
498 2523 691 2558 EXPLICIT
716 2524 950 2564 subscriptum
977 2525 1013 2554 in
1039 2523 1075 2555 V

1698 225 1709 243 ¹¹,

1699 246 1709 273 {¹1

1707 272 1709 281 A

1623 700 1706 733 lot

1621 975 1706 1018 155

1618 1265 1659 1298 20
