1709 2885
61 718 97 750 10

62 999 98 1030 15

61 1279 101 1310 20

578 102 632 136 DE
657 102 790 136 BELLO
814 103 1077 136 IUGURTHINO
1457 101 1531 139 101

125 215 273 247 rantem
304 212 418 258 atque
445 206 552 244 illum
583 205 932 245 sceleratissumum
966 205 1162 256 persequi.
1203 205 1249 243 ad
1280 205 1353 243 hoc
1388 205 1534 255 populo
1558 212 1577 244 6

125 263 298 302 Romano
328 263 401 302 iam
431 276 450 301 a
480 262 673 313 principio
703 262 812 314 inopi
840 262 978 301 melius
1007 261 1130 299 visum
1151 261 1294 299 amicos
1318 272 1433 311 quam
1454 272 1535 299 ser-

124 332 192 358 vos
213 331 419 370 quaerere,
449 318 647 369 tutiusque
669 319 739 357 rati
760 317 977 356 volentibus
1002 329 1115 368 quam
1139 317 1281 355 coactis
1302 315 1536 367 imperitare.

125 375 193 414 tibi
215 388 303 414 vero
326 375 430 414 nulla
452 374 712 426 opportunior
734 380 863 413 nostra
885 373 1070 420 amicitia,
1092 373 1261 424 primum
1283 373 1372 423 quia
1399 372 1537 423 procul
1561 380 1577 409 7

125 431 321 479 absumus,
344 432 382 470 in
405 443 482 482 quo
505 430 672 469 offensae
693 431 922 477 minumum,
946 429 1063 480 gratia
1085 441 1154 480 par
1175 442 1218 468 ac
1240 429 1271 467 si
1288 441 1411 480 prope
1427 428 1537 467 ades-

125 500 274 534 semus;
298 487 386 526 dein
410 488 499 538 quia
519 486 690 537 parentis
711 487 863 526 abunde
878 486 1076 534 habemus,
1092 485 1304 524 amicorum
1323 497 1449 535 neque
1467 497 1538 522 no-

125 543 183 582 bis
205 556 333 594 neque
352 543 530 595 cuiquam
553 543 725 581 omnium
747 543 837 581 satis
858 543 942 582 fuit.
983 548 1098 593 atque
1120 542 1195 580 hoc
1216 541 1362 580 utinam
1385 553 1404 579 a
1428 540 1538 591 prin·
1562 547 1579 578 S

126 599 227 651 cipio
249 599 317 638 tibi
338 600 566 650 placuisset:
592 599 767 650 profecto
790 611 834 637 ex
855 599 1000 650 populo
1027 598 1200 637 Romano
1223 597 1268 636 ad
1289 597 1364 635 hoc
1385 602 1538 647 tempus

125 656 245 695 multo
292 656 402 706 plura
438 656 538 694 bona
575 656 812 706 accepisses,
853 667 969 705 quam
1014 654 1112 693 mala
1142 666 1352 705 perpessus
1391 665 1442 692 es.
1503 658 1540 691 et
1563 660 1582 691 9

127 712 310 763 quoniam
331 713 587 751 humanarum
607 723 737 750 rerum
758 711 916 750 fortuna
946 711 1130 762 pleraque
1152 710 1273 760 regit,
1305 710 1367 748 cui
1393 708 1541 748 scilicet

126 768 271 819 placuit
291 774 329 807 et
351 768 421 806 vim
445 774 482 806 et
503 767 659 817 gratiam
683 773 853 806 nostram
885 774 920 806 te
944 767 1122 818 experiri,
1146 778 1251 805 nunc
1281 765 1437 816 quando
1469 777 1540 816 per

126 824 229 863 illam
250 824 349 871 licet,
380 824 516 862 festina
537 829 652 874 atque
681 829 721 861 ut
744 824 903 874 coepisti
928 835 1059 875 perge.
1107 823 1226 861 multa
1247 828 1362 872 atque
1393 833 1538 872 oppor-
1567 829 1602 860 10

127 886 219 919 tuna
240 880 370 928 habes,
393 892 469 931 quo
491 880 641 918 facilius
663 885 785 918 errata
809 880 946 918 officiis
967 891 1141 930 superes.
1183 884 1379 930 postremo
1401 877 1476 915 hoc
1497 877 1537 915 in
1568 885 1600 916 11

128 941 264 987 pectus
295 943 405 975 tuum
436 936 612 982 demitte,
645 948 856 987 numquam
887 935 1076 987 populum
1102 935 1317 973 Romanum
1349 932 1539 972 benificiis

127 993 269 1031 victum
291 1005 388 1031 esse.
429 1005 517 1031 nam
538 992 637 1031 bello
660 991 753 1042 quid
772 992 892 1031 valeat
913 997 993 1031 tute
1015 992 1115 1030 scis.'

240 1048 295 1087 Ad
316 1061 358 1088 ea
379 1049 555 1087 Bocchus
585 1048 732 1099 placide
754 1055 790 1088 et
811 1048 999 1099 benigne,
1031 1047 1144 1086 simul
1166 1059 1287 1098 pauca
1308 1058 1379 1097 pro
1402 1045 1542 1084 delicto
1570 1052 1604 1084 12

127 1116 198 1143 suo
218 1105 333 1144 verba
354 1105 463 1143 facit:
495 1117 535 1144 se
558 1116 637 1143 non
659 1105 788 1143 hostili
809 1105 958 1151 animo,
991 1104 1058 1143 sed
1080 1104 1128 1142 ob
1151 1115 1314 1154 regnum
1336 1101 1541 1141 tutandum

128 1173 230 1200 arma
252 1161 414 1212 cepisse.
455 1173 543 1199 nam
563 1160 763 1200 Numidiae
784 1168 943 1212 partem,
977 1161 1078 1199 unde
1100 1160 1132 1198 vi
1165 1159 1390 1210 Iugurtham
1421 1169 1543 1208 expu-
1570 1165 1605 1197 13

128 1216 228 1263 lerit,
248 1218 332 1256 iure
349 1216 438 1256 belli
461 1229 569 1256 suam
590 1217 738 1256 factam.
775 1229 855 1256 eam
878 1217 1014 1256 vastari
1031 1229 1050 1255 a
1066 1216 1186 1255 Mario
1208 1216 1284 1267 pati
1308 1214 1541 1265 nequivisse.

133 1280 333 1324 praeterea
353 1273 482 1312 missis
503 1279 613 1312 antea
634 1273 792 1312 Romam
814 1273 948 1324 legatis
969 1273 1169 1324 repulsum
1192 1272 1238 1311 ab
1259 1271 1436 1310 amicitia.
1479 1282 1542 1308 ce—
1571 1278 1607 1310 14

129 1337 254 1369 terum
272 1335 397 1368 vetera
421 1330 618 1377 omittere;
641 1334 825 1377 actutum,
849 1329 880 1368 si
897 1342 968 1380 per
983 1329 1146 1369 Marium
1161 1329 1308 1374 liceret,
1331 1327 1476 1377 legatos
1497 1325 1544 1364 ad

129 1391 305 1425 senatum
326 1385 549 1425 missurum.
610 1386 698 1424 dein
729 1386 837 1436 copia
859 1385 957 1425 facta
986 1386 1137 1424 animus
1168 1383 1320 1423 barbari
1342 1383 1388 1422 ab
1409 1381 1544 1421 amicis
1570 1391 1606 1422 15

128 1443 263 1489 flexus,
287 1454 385 1493 quos
407 1442 606 1492 Iugurtha,
628 1442 780 1493 cognita
802 1442 994 1492 legatione
1017 1441 1146 1480 Sullae
1167 1446 1206 1479 et
1225 1439 1341 1479 Manli
1365 1444 1543 1478 metuens

130 1499 167 1538 id
188 1499 291 1549 quod
313 1498 532 1550 parabatur,
554 1498 665 1536 donis
688 1503 935 1548 conruperat.

244 1554 386 1593 Marius
416 1555 561 1593 interea
592 1553 760 1592 exercitu
782 1554 822 1591 in
852 1552 1114 1592 hibernaculis
1136 1553 1340 1602 conposito
1371 1563 1459 1590 cum
1481 1564 1546 1590 ex·
1570 1554 1646 1590 103

128 1611 268 1662 peditis
290 1610 514 1649 cohortibus
536 1616 573 1648 et
593 1616 700 1661 parte
722 1610 917 1660 equitatus
933 1609 1195 1661 proficiscitur
1216 1609 1255 1647 in
1277 1607 1360 1646 loca
1377 1607 1457 1646 sola
1475 1607 1544 1646 ob-

129 1679 278 1706 sessum
293 1667 448 1705 Turrim
465 1666 638 1717 Regiam,
660 1678 737 1717 quo
754 1666 941 1716 Iugurtha
959 1665 1143 1717 perfugas
1165 1665 1292 1703 omnis
1307 1664 1546 1715 praesidium

130 1723 378 1775 imposuerat.
422 1728 504 1761 tum
526 1734 663 1761 rursus
686 1722 864 1761 Bocchus
887 1735 956 1760 seu
977 1721 1195 1772 reputando
1227 1733 1325 1771 quae
1348 1720 1420 1759 sibi
1451 1720 1549 1758 duo-
1573 1728 1591 1758 2

225 1861 236 1888 1
259 1859 361 1898 atque
379 1855 476 1895 PVC,
502 1858 535 1887 et
554 1853 604 1897 Css
624 1854 666 1887 ad
689 1854 753 1887 hoc
771 1854 896 1897 populo
921 1864 946 1885 r.
973 1854 1039 1891 (sic
1056 1852 1102 1893 V)
1128 1852 1193 1885 iam
1218 1863 1236 1884 a
1265 1852 1428 1895 principio
1458 1851 1552 1894 inopi

131 1901 251 1933 melius
271 1899 333 1932 VC
346 1901 417 1931 nisi
431 1900 525 1941 quod
540 1899 633 1941 inopi
648 1909 711 1931 om.
730 1901 767 1930 in
786 1899 891 1931 aeter.
912 1898 1046 1937 omem
1065 1900 1102 1929 in
1118 1908 1136 1928 z
1155 1899 1301 1940 optimo)
1320 1899 1401 1929 etin
1419 1897 1554 1929 (luobus

134 1945 160 1977 C
183 1948 339 1977 erratum
363 1948 414 1976 est
435 1946 496 1984 sic,
521 1943 562 1976 ad
585 1944 650 1976 hoc
675 1944 742 1985 (vel
764 1943 817 1984 ad)
842 1944 969 1976 utinam
995 1952 1012 1975 a
1038 1942 1202 1985 principio
1224 1943 1285 1975 tibi
1303 1942 1422 1975 melius
1447 1943 1555 1983 (quae

131 1994 213 2022 sant
236 2000 287 2022 vv.
306 1989 329 2032 ἕ
345 1989 382 2030 8)
393 2002 404 2020 .·
432 1989 550 2021 eadem
574 1999 669 2021 mmo
684 1991 843 2031 suspicor
858 1989 966 2028 fuisse
982 1990 1020 2019 in
1036 1989 1072 2028 P,
1096 1989 1158 2019 ubi
1180 1989 1328 2020 abscisso
1345 1997 1459 2028 marg.
1476 1997 1552 2028 sup.

131 2037 320 2077 supersunt
343 2035 436 2075 haec,
462 2033 503 2066 ad
528 2060 626 2067 .....
653 2034 784 2074 melius,
807 2034 868 2066 sed
892 2033 984 2075 inopi
1004 2043 1028 2074 p
1054 2034 1092 2064 in
1116 2043 1227 2075 marg.
1246 2033 1398 2075 (periere
1416 2033 1554 2064 litterae

133 2079 299 2119 23—29‚
332 2090 360 2111 v.
388 2079 501 2112 Herm.
530 2081 559 2120 Ι,
583 2079 676 2120 237).
703 2098 744 2103 —
769 2079 862 2121 inopi
895 2078 959 2111 del.
987 2077 1104 2119 Kritz,
1147 2077 1265 2120 imperi
1290 2080 1380 2110 coni.
1406 2077 1552 2118 Sellz'ng.

134 2123 180 2163 cf.
209 2124 313 2166 Apul.
343 2124 443 2166 Apol.
476 2123 518 2156 18
536 2134 573 2166 p.
599 2124 665 2157 434
692 2124 776 2157 Oucl.
797 2123 844 2167 113
874 2126 927 2156 tut
959 2149 1148 2156 .........
1183 2123 1325 2160 coactib3
1362 2122 1554 2165 imperitare

134 2171 333 2212 (perierunt
357 2169 493 2201 litterae
509 2168 653 2211 20—23,
677 2169 737 2201 sed
752 2172 794 2201 ut
809 2180 829 2212 q
852 2168 988 2200 litterae
1006 2168 1168 2200 vocabuli
1185 2178 1285 2210 quam
1302 2166 1455 2206 inferior
1465 2177 1554 2209 pars

133 2217 342 2257 compareat,
364 2215 394 2246 P
408 2213 419 2256 Η
436 2216 456 2246 4
481 2213 578 2246 amici
604 2240 819 2247 ........
837 2223 893 2246 um
912 2213 988 2256 quia
1015 2216 1047 2245 et
1069 2215 1087 2246 5
1114 2212 1175 2245 ade
1198 2239 1204 2245 .
1229 2239 1234 2245 .
1259 2239 1265 2245 .
1295 2222 1368 2245 mus
1384 2213 1415 2244 P
1436 2212 1554 2244 eodem

133 2259 272 2297 defectu
303 2269 450 2291 maneus
471 2257 482 2302 Η
503 2261 518 2290 7
551 2269 570 2291 a
598 2269 663 2291 om.
690 2258 748 2302 Vss
775 2261 794 2292 9
825 2259 973 2301 cepisses
991 2258 1049 2300 VH
1070 2267 1326 2300 quam—esses
1356 2267 1420 2289 om..
1448 2258 1483 2297 P,
1516 2258 1553 2288 in

132 2314 245 2346 marg.
273 2304 352 2336 add.
373 2314 398 2346 p
426 2303 437 2345 η
462 2313 506 2336 es.
533 2306 567 2336 et
598 2306 744 2346 scripsi.-
781 2314 817 2336 es
845 2303 904 2336 sed
932 2314 961 2344 z,
1003 2312 1077 2335 esse
1110 2307 1162 2335 set
1189 2302 1230 2344 V,
1256 2312 1349 2335 esses
1383 2301 1443 2334 sed
1475 2299 1559 2381 &Lu

136 2351 171 2382 11
201 2349 327 2392 placuit
351 2348 455 2389 PVC,
499 2348 700 2390 complacuit
731 2349 786 2382 vel
813 2348 982 2392 placuisse
1010 2347 1037 2379 C
1060 2346 1071 2390 Η
1099 2349 1138 2381 12
1169 2350 1270 2389 atque
1298 2346 1396 2387 PVC,
1434 2357 1498 2379 om.

132 2393 151 2437 ll
172 2396 211 2427 14
236 2393 410 2426 dimitteP
426 2392 437 2436 ΙΙ
468 2396 507 2426 15
532 2392 622 2426 bello
648 2395 681 2435 (o
706 2396 743 2426 in
771 2404 854 2434 ras,
885 2393 957 2432 fuit
981 2394 1073 2429 um?)
1101 2393 1132 2425 P
1152 2391 1164 2436 n
1193 2395 1228 2424 17
1260 2392 1319 2424 sed
1343 2392 1386 2424 ob
1415 2401 1555 2434 regnum

135 2438 310 2472 tutandum
327 2438 360 2479 C,
379 2438 438 2471 sed
455 2447 593 2479 regnum
606 2439 782 2472 tutandum
795 2438 859 2479 PC,
874 2437 933 2471 sed
945 2447 1084 2479 regnum
1103 2440 1268 2470 tutantem
1282 2448 1300 2468 z
1320 2437 1331 2478 Π
1349 2438 1387 2469 21
1405 2440 1555 2470 actutum

133 2485 259 2525 scripsi
282 2483 370 2516 conl.
388 2483 466 2516 Liv.
490 2482 545 2523 29,
573 2483 623 2524 14,
647 2485 689 2516 5.·
718 2493 756 2516 ac
780 2487 851 2516 tum
875 2481 931 2516 PC
946 2481 957 2525 Η
977 2483 1016 2515 25
1044 2481 1225 2514 hibernalis
1250 2480 1364 2524 121126
1390 2481 1555 2515 obsessim

135 2529 244 2561 cirrim
268 2531 327 2569 (ex
352 2528 468 2567 tirrim)
493 2528 539 2560 P:
563 2526 693 2561 Turrim
718 2527 857 2570 Regiam
889 2529 1014 2569 scripsi
1038 2525 1100 2565 (ef.
1128 2527 1242 2558 Herm.
1267 2527 1299 2561 3.
1321 2525 1415 2567 253),
1440 2526 1555 2560 turrim

136 2573 262 2616 regiam
280 2573 384 2615 vulgo
401 2573 413 2616 ῙΙ
433 2574 473 2606 28
500 2572 648 2605 bocchus
672 2573 814 2606 feliciter
838 2583 897 2606 seu
922 2571 1107 2614 reputando
1124 2571 1244 2613 Psz,
1267 2581 1332 2614 pro
1354 2570 1496 2605 feliciter
1512 2583 1557 2605 (τω
