1709 2885
37 726 74 759 10

36 1007 72 1039 15

33 1286 74 1319 20

34 1568 73 1600 25

33 1847 72 1879 30

559 111 612 144 DE
637 110 770 144 BELLO
794 109 1057 145 IUGURTHINO
1463 106 1516 147 59

106 215 267 255 divorsis
286 214 483 254 mentibus
511 225 584 266 pax
613 220 678 253 aut
706 214 871 254 amicitia
893 212 1007 253 esse?
1030 226 1103 265 qua
1124 227 1167 253 re
1187 225 1328 252 moneo
1359 214 1515 252 hortor·
1539 220 1577 252 25

106 284 182 324 que
208 283 276 309 vos
305 283 354 310 ne
383 276 532 309 tantum
564 270 691 309 scelus
721 271 945 322 inpunitum
975 271 1169 309 omittatis.
1211 283 1290 308 non
1312 270 1514 320 peculatus

105 327 225 367 aerari
252 327 377 366 factus
405 333 463 366 est
492 338 617 377 neque
645 339 716 377 per
743 328 817 366 vim
847 327 963 366 sociis
993 335 1146 377 ereptae
1174 327 1384 377 pecuniae,
1414 338 1514 377 quae

107 395 338 435 quamquam
369 383 495 433 gravia
524 388 627 430 sunt,
659 388 787 422 tamen
809 382 1091 422 consuetudine
1113 383 1186 421 iam
1207 394 1279 433 pro
1305 383 1426 421 nihilo
1448 383 1516 421 ha-

103 440 256 479 bentur.
306 440 407 478 hosti
442 450 643 478 acerrumo
674 440 824 489 prodita
866 446 1022 478 senatus
1060 438 1290 486 auctoritas,
1320 439 1516 489 proditum

105 496 309 547 imperium
333 501 503 534 vostrum
526 501 604 533 est:
628 495 730 533 domi
752 496 985 546 militiaeque
1004 507 1067 534 res
1088 494 1242 546 publica
1263 494 1409 533 venalis
1429 494 1514 533 suit.

105 564 202 603 quae
224 552 299 590 nisi
321 551 492 603 quaesita
514 557 639 597 erunt,
662 551 733 590 nisi
756 552 990 590 vindicatum
1011 552 1050 590 in
1072 551 1221 598 noxios,
1245 551 1338 602 quid
1359 551 1432 589 erit
1455 563 1516 589 re-
1540 557 1578 589 26

103 608 232 654 licum,
256 608 330 646 nisi
351 613 393 646 ut
414 607 500 655 illis,
523 607 590 658 qui
611 620 654 646 ea
675 609 812 655 fecere,
836 608 1084 646 oboedientes
1108 605 1302 646 vivamus?
1340 607 1516 646 1131111111-

104 676 209 715 pune
230 676 328 714 quae
350 664 456 702 lubet
476 665 620 709 facere,
644 664 681 702 id
702 670 760 702 est
780 676 909 713 regem
932 677 1027 703 esse.
1068 676 1195 714 neque
1218 675 1289 713 ego
1311 675 1390 710 vos,
1422 662 1516 708 Qui·
1539 669 1576 701 27

104 719 209 767 rites,
231 720 366 759 hortor
386 726 429 758 ut
448 719 588 759 malitis
610 719 701 758 civis
721 726 871 758 vostros
893 732 1094 771 perperam
1112 732 1227 770 quam
1244 727 1349 758 recte
1366 719 1515 764 fecisse,

103 776 169 815 sed
201 789 250 815 ne
279 776 522 826 ignoscundo
551 776 660 814 malis
691 775 813 814 bonos
844 777 1037 827 perditum
1069 776 1173 815 eatis.
1221 777 1266 814 ad
1295 776 1369 814 1100
1400 776 1439 813 111
1475 788 1517 814 re
1540 783 1579 816 28

102 832 256 884 publica
285 832 407 870 multo
438 836 606 882 praestat
635 832 789 871 benifici
821 844 934 882 quam
966 832 1118 871 malifici
1139 833 1393 871 inmemorem
1419 844 1515 870 esse.

102 888 230 926 bonus
260 893 409 926 tantum
437 888 551 927 modo
582 889 740 939 segnior
767 889 827 935 fit,
859 888 923 926 ubi
948 890 1149 939 neglegas,
1170 895 1207 927 at
1235 888 1359 927 malus
1380 889 1516 939 inpro-

101 943 198 982 bior.
240 944 285 983 ad
306 944 378 982 hoc
401 943 432 981 si
454 944 618 983 iniuriae
641 957 719 983 non
742 944 832 991 sint,
854 945 955 984 haud
978 958 1091 996 saepe
1112 945 1227 983 auxili
1250 940 1387 995 egeas,2
1540 951 1579 985 29

214 999 317 1039 Haec
342 1006 455 1050 atque
480 1000 550 1039 alia
573 1001 841 1039 huiuscemodi
858 1013 972 1052 saepe
994 1002 1098 1039 in...
1127 1001 1290 1040 dicendo
1313 999 1516 1039 Memmius
1541 1006 1590 1042 32

102 1056 248 1108 populo
270 1056 475 1107 persuadet
497 1058 551 1095 uti
575 1057 616 1096 L.
641 1057 805 1103 Cassius,
828 1058 893 1107 qui
917 1065 997 1095 tum
1020 1064 1175 1109 praetor
1197 1063 1288 1105 erat,
1312 1057 1357 1095 ad
1378 1057 1516 1107 lugur-

102 1112 205 1150 tham
224 1112 443 1151 mitteretur
465 1125 632 1164 eumque
653 1114 888 1165 interposida
906 1114 979 1153 fide
996 1113 1150 1165 publica
1166 1113 1327 1151 Romam
1346 1112 1516 1159 duceret,

102 1180 180 1218 quo
208 1168 358 1208 facilius
389 1168 530 1207 indicio
560 1170 663 1220 regis
692 1170 826 1208 Scauri
858 1177 895 1208 et
915 1169 1179 1221 reliquorum,
1202 1181 1300 1220 quos
1330 1170 1518 1219 pecuniae

103 1231 235 1276 captae
252 1224 481 1271 accersebat,
504 1225 640 1264 delicta
663 1227 900 1277 patelierent.
931 1226 1023 1265 dum
1044 1227 1139 1265 11360
1155 1226 1299 1264 Romae
1316 1231 1518 1276 geruntur,
1542 1235 1560 1266 2

104 1280 170 1331 qui
191 1282 230 1320 111
253 1280 430 1319 Numidia
451 1282 571 1320 relicti
596 1294 614 1319 a
636 1282 763 1321 Bestia
786 1282 970 1321 exercitui
991 1288 1196 1334 praeerant
1217 1283 1338 1321 secuti
1368 1294 1517 1321 morem

103 1337 349 1387 imperatoris
372 1337 430 1375 sui
453 1337 633 1388 pluruma
655 1345 690 1377 et
706 1338 1015 1388 flagitiosissuma
1033 1339 1204 1376 facinora
1222 1339 1361 1376 fecere.
1394 1339 1516 1386 fuere,
1541 1347 1560 1379 3

102 1393 167 1443 qui
189 1405 283 1431 auro
308 1394 486 1444 conrupti
509 1395 735 1445 elephantos
756 1395 964 1444 Iugurthae
996 1394 1212 1441 traderent,
1243 1394 1304 1432 alii
1335 1394 1516 1445 perfugas

100 1449 266 1488 vendere
281 1480 289 1496 ,
311 1462 402 1500 pars
423 1462 468 1488 ex
488 1451 633 1501 pacatis
654 1451 814 1501 praedas
837 1451 1021 1500 agebant:
1055 1455 1158 1489 tanta
1185 1451 1240 1488 vis
1270 1450 1446 1489 avaritiae
1476 1450 1516 1488 in
1543 1459 1564 1491 4

102 1505 251 1544 animos
282 1518 416 1544 eorum
447 1507 561 1545 veluti
593 1507 698 1545 tabes
719 1506 918 1544 invaserat.
962 1513 998 1545 at
1021 1506 1173 1545 Cassius
1199 1512 1355 1557 praetor
1375 1506 1520 1557 perlata
1544 1516 1562 1546 5

101 1561 304 1611 rogatione.
325 1574 344 1600 a
363 1561 402 1600 C.
419 1561 599 1600 Memmio
624 1574 666 1600 ac
682 1562 862 1613 perculsa
879 1563 982 1601 omni
1007 1562 1205 1600 nobilitate
1227 1563 1271 1600 ad
1294 1562 1520 1612 Iugurtham

101 1617 361 1669 proficiscitur
390 1618 502 1669 eique
531 1618 664 1657 timido
695 1624 730 1656 et
760 1631 805 1657 ex
827 1618 1064 1657 conscientia
1086 1619 1274 1657 diffidenti
1296 1618 1414 1657 rebus
1440 1619 1520 1657 suis

100 1674 318 1724 persuadet,
342 1675 523 1725 quoniam
541 1688 581 1714 se
598 1676 745 1726 populo
762 1674 937 1713 Romano
956 1675 1134 1721 dedisset,
1153 1687 1201 1713 ne
1218 1675 1292 1713 vim
1311 1687 1425 1726 quam
1447 1675 1520 1713 mi-

101 1729 350 1769 sericordiam
377 1731 459 1769 eius
484 1731 650 1782 experiri
675 1731 816 1769 mallet.
861 1731 1038 1781 privatim
1064 1737 1262 1781 praeterea
1278 1732 1393 1769 fidem
1409 1743 1519 1769 suam

102 1786 325 1837 interponit,
347 1798 461 1836 quam
484 1787 546 1825 1116
568 1799 648 1826 11011
669 1787 832 1825 minoris
854 1798 967 1836 quam
998 1787 1192 1837 publicam
1223 1787 1405 1826 ducebat:
1433 1787 1519 1825 talis

102 1853 145 1880 ea
165 1847 392 1893 tempestate
414 1844 513 1882 sama
534 1843 579 1881 de
603 1842 732 1881 Cassio
755 1848 846 1892 6131.
887 1842 1005 1892 igitur
1026 1843 1212 1892 Iugurtha
1237 1848 1369 1881 contra
1401 1843 1518 1882 decus
1542 1846 1592 1883 33

100 1897 252 1948 regium
281 1898 388 1936 cultu
422 1911 537 1948 quam
566 1910 741 1937 maxume
769 1898 978 1937 miserabili
1010 1911 1096 1937 cum
1121 1899 1250 1938 Cassio
1272 1898 1433 1937 Romam
1454 1911 1518 1938 ve-

101 1954 171 1992 nit.
222 1966 266 1992 ac
293 1954 445 1993 tametsi
473 1954 513 1992 in
544 1954 627 2006 ipso
658 1965 794 2004 magna
824 1955 879 1993 vis
909 1955 1026 1993 animi
1058 1961 1157 2002 erat,
1190 1956 1440 1994 confirmatus
1470 1955 1516 1994 ab
1539 1963 1558 1996 2

101 2009 303 2056 omnibus,
326 2021 493 2060 quorum
515 2011 687 2061 potentia
708 2016 774 2050 aut
793 2011 939 2050 scelere
961 2017 1099 2050 cuncta
1125 2023 1166 2050 ea
1196 2016 1386 2061 gesserat,
1418 2024 1515 2062 quae

101 2077 218 2117 supra
240 2065 417 2114 diximus,
442 2066 480 2105 C.
502 2067 686 2105 Baebium
708 2067 907 2106 tribunum
929 2067 1053 2118 plebis
1082 2079 1220 2118 magna
1243 2067 1420 2137 mercewde
1449 2080 1516 2119 pa-

102 2145 371 2148 ——‘——
1374 2133 1390 2151 J

192 2178 210 2210 2
237 2176 402 2209 omittatis
428 2176 492 2219 Cp,
524 2176 696 2210 obmitatis
721 2179 764 2218 P,
789 2179 951 2212 amittatis
977 2178 1035 2221 ΓΗ
1055 2177 1231 2220 peculatus
1254 2189 1288 2220 p,
1313 2188 1399 2221 pecu
1424 2178 1514 2221 12117

100 2219 312 2254 uindicantur
331 2221 389 2263 ΓΗ
413 2223 450 2254 10
468 2225 558 2254 16016
575 2223 605 2254 P
619 2221 631 2265 ΙΙ
650 2224 689 2255 12
714 2222 870 2255 beneficii
896 2234 995 2266 quam
1020 2223 1176 2255 maleficii
1201 2233 1382 2255 memorem
1400 2233 1473 2256 esse
1490 2224 1522 2255 P

101 2265 170 2306 (vel
191 2266 431 2306 immemorem)
452 2266 485 2307 C,
509 2265 664 2299 beneficii
689 2277 870 2301 memorem
895 2278 969 2301 esse
995 2278 1095 2311 quam
1119 2268 1275 2300 maleficii
1294 2268 1355 2301 VC
1377 2272 1410 2300 et
1427 2279 1452 2311 p
1479 2271 1517 2300 in

99 2320 212 2352 marg.
233 2313 433 2354 (supersunt
454 2310 608 2344 beneficii
633 2322 643 2344 1
669 2316 702 2344 et
728 2314 790 2345 sub
815 2315 868 2346 his
892 2324 992 2357 quam
1017 2313 1095 2353 mal)
1113 2312 1124 2356 11
1147 2315 1185 2346 15
1212 2323 1312 2356 saepe
1337 2313 1514 2346 indicendo

100 2355 164 2397 PC,
182 2356 215 2388 in
234 2366 298 2389 om.
317 2367 335 2387 z
347 2369 356 2387 :
376 2356 532 2389 contione
550 2357 688 2389 videtur
706 2358 875 2390 eoecz'dz‘sse
893 2359 1041 2401 (saepius
1058 2358 1199 2391 dicendo
1216 2360 1342 2400 scripsi
1358 2359 1408 2391 ed.
1415 2360 1486 2401 pr.)
1502 2357 1516 2402 11

100 2401 276 2434 memimus
301 2412 345 2433 eoe
369 2401 580 2434 meminimus
596 2400 648 2445 Pu
671 2403 708 2435 19
727 2403 919 2436 accersebat
936 2403 999 2445 PC,
1024 2403 1216 2436 arcessebat
1240 2403 1274 2444 C,
1299 2403 1515 2436 accersebant

101 2445 157 2477 vel
167 2446 381 2479 arcessebant
398 2445 451 2489 011
470 2448 510 2479 23
524 2446 668 2479 uendere
684 2449 772 2489 z(·?):
789 2448 973 2481 uenderent
986 2448 1044 2481 PC
1058 2447 1070 2491 11
1087 2448 1209 2491 agebat
1225 2449 1252 2480 P
1263 2448 1275 2490 ΙΙ
1295 2449 1337 2481 24
1352 2461 1391 2477 *ψ
1403 2448 1514 2481 animo

101 2489 132 2521 P
151 2491 198 2533 (in
222 2492 335 2533 eras),
360 2492 488 2524 animos
506 2501 530 2532 p
550 2489 712 2534 1111136101
731 2492 764 2533 C,
789 2492 846 2526 PR
866 2494 902 2534 P,
927 2504 1009 2536 p.r.
1035 2493 1091 2525 vel
1112 2503 1176 2526 om.
1198 2492 1311 2536 Cl126
1337 2497 1370 2525 et
1395 2503 1462 2525 om.
1478 2494 1515 2535 Ρ,

100 2544 127 2566 S.
140 2546 165 2568 s.
176 2546 200 2578 p
220 2535 231 2576 ss
248 2537 288 2568 27
316 2537 473 2579 quoniam
490 2535 552 2575 PC,
579 2546 644 2578 quo
665 2536 692 2569 C
714 2537 718 2580 Ι
735 2539 776 2571 29
799 2548 898 2581 quam
915 2537 1096 2581 publicam]
1124 2548 1224 2581 quam
1242 2537 1335 2580 publi
1352 2549 1397 2570 eoe
1414 2548 1514 2581 quam

102 2578 159 2613 ille
182 2579 236 2624 PH
256 2582 297 2614 32
323 2581 539 2614 confirmatus
564 2591 608 2612 ex
632 2591 693 2614 con
721 2584 835 2616 rmatis
860 2582 912 2627 ΡΗ
933 2585 973 2616 33
1000 2583 1180 2625 potentia*
1208 2585 1238 2624 (6
1264 2584 1365 2623 era-5.)
1390 2584 1420 2615 P

1663 1902 1668 1912 r

1652 1915 1667 1926 <x

1664 1933 1670 1966 ⁴.
