1709 2885
179 95 231 134 84
671 99 704 132 C.
724 97 928 132 SALLUSTI
953 98 1089 132 CRISPI

137 209 156 240 5
181 201 243 241 cul
265 201 311 241 ab
335 201 498 253 imperio
520 201 624 251 regis
646 206 807 240 aetatem
830 201 1006 252 agebant.
1058 202 1161 242 inter
1183 201 1268 242 illos
1290 209 1327 241 et
1356 203 1595 254 frequentem

180 258 399 297 Numidiam
420 257 532 297 multi
555 257 727 308 vastique
748 258 823 297 loci
845 264 966 296 erant.

111 316 157 352 '29
294 314 368 353 Sed
390 314 574 364 quoniam
596 313 635 352 in
659 326 721 353 eas
742 315 921 365 regiones
951 327 1021 366 per
1041 314 1336 366 Leptitanorum
1359 315 1513 366 negotia
1534 327 1597 354 ve·

182 371 331 418 nimus,
362 383 440 410 non
463 370 665 420 indignum
695 370 845 409 videtur
876 371 1075 422 egregium
1096 377 1211 422 atque
1241 370 1415 410 mirabile
1444 371 1597 411 facinus

126 428 138 445 ⁸
181 426 347 465 duorum
372 426 747 476 Carthaginiensium
771 439 1005 466 memorare:
1032 440 1114 467 eam
1138 439 1218 466 rem
1242 439 1313 466 nos
1334 427 1443 467 locus
1463 428 1598 467 admo-
1619 436 1637 468 5

139 488 157 520 2
183 483 279 522 nuit.
323 495 396 534 qua
430 488 656 534 tempestate
679 482 1013 533 Carthaginienses
1036 484 1221 535 pleraque
1244 484 1371 522 Alrica
1402 483 1595 535 imperita-

140 544 158 576 3
182 539 287 585 hant,
315 539 556 589 Cyrenenses
588 551 744 590 quoque
775 540 902 591 magni
933 546 1047 590 atque
1070 540 1244 592 opulenti
1266 541 1387 579 fuere.
1437 552 1527 591 ager
1559 541 1596 579 in

182 595 308 634 medio
339 595 579 642 harenosus,
611 608 686 634 una
703 596 853 647 speeie:
890 609 1016 647 neque
1036 597 1182 635 flumen
1215 609 1341 648 neque
1362 608 1476 636 mons
1505 601 1599 643 erat,

183 651 249 703 qui
269 648 357 690 linis
380 663 514 690 eorum
537 651 789 691 discerneret.
825 664 924 703 qnae
946 665 1007 691 res
1023 665 1090 692 eos
1112 654 1148 691 in
1172 665 1312 704 magno
1334 652 1599 704 diuturnoque

139 714 158 745 4
181 707 282 747 bello
305 708 405 746 inter
426 719 467 746 se
487 707 634 747 habuit.
684 714 887 759 postquam
908 709 1103 760 utrimque
1136 709 1309 760 legiones
1338 709 1430 748 item
1457 708 1599 748 classes
1631 717 1669 749 10

183 776 298 816 saepe
315 764 422 803 susae
436 764 669 815 fugataeque
687 771 723 804 et
739 764 845 804 alteri
864 764 1004 804 alteros
1014 766 1254 817 aliquantum
1271 765 1518 813 adtriverant‚
1535 777 1598 803 ve-

182 820 245 859 riti
257 833 306 860 ne
319 833 408 859 mox
418 820 539 859 victos
550 821 792 873 victoresque
804 821 976 860 defessos
991 821 1089 861 alius
1099 822 1388 873 aggrederetur,
1404 833 1477 872 per
1487 820 1599 860 indu-

182 876 253 915 tias
270 877 523 928 sponsionem
535 876 694 924 faciunt,
711 877 767 916 uti
781 883 885 916 certo
903 878 963 916 die
978 877 1091 928 legati
1106 878 1220 917 domo
1237 878 1600 930 proficiscerentur:

183 946 261 984 qno
284 933 322 971 in
349 933 435 972 loco
457 933 559 972 inter
589 945 630 972 se
652 932 752 972 obvii
774 933 960 982 fuissent,
991 934 1023 973 is
1045 935 1263 973 communis
1294 934 1499 985 utriusque
1529 946 1601 985 po-

139 995 158 1026 5
182 989 264 1040 puli
282 989 370 1028 finis
393 988 614 1029 haberetur.
656 990 774 1041 igitur
796 989 1026 1041 Carthagine
1048 992 1124 1029 duo
1146 991 1283 1030 fratres
1305 991 1433 1036 missi,
1458 989 1600 1041 quihus
1632 997 1670 1029 15

182 1058 325 1085 nomen
348 1044 544 1084 Philaenis
565 1052 658 1094 erat,
680 1052 917 1085 maturavere
940 1047 1011 1085 iter
1032 1059 1208 1098 pergere.
1261 1047 1503 1097 Cyrenenses
1523 1052 1600 1085 tar·

139 1106 160 1139 ὃ
184 1102 270 1141 dius
291 1101 384 1142 iere.
426 1102 462 1141 id
485 1102 715 1141 socordiane
744 1115 792 1142 an
815 1115 905 1141 casu
935 1103 1117 1141 acciderit
1146 1115 1282 1154 parum
1312 1102 1488 1153 cognovi.
1539 1114 1601 1141 ce-

183 1165 308 1198 terum
332 1158 429 1197 solet
450 1158 488 1197 in
511 1158 586 1197 illis
608 1159 703 1198 locis
725 1165 934 1210 tempestas
954 1159 1057 1198 haud
1087 1171 1200 1197 secus
1221 1164 1337 1210 atque
1362 1159 1401 1197 in
1425 1158 1519 1197 mari
1540 1169 1602 1197 re-

183 1215 320 1254 tinere.
364 1227 452 1253 nam
484 1214 550 1253 ubi
582 1227 654 1266 per
673 1215 756 1253 loca
790 1215 962 1266 aequalia
994 1220 1027 1254 et
1059 1215 1161 1254 nuda
1193 1214 1435 1266 gignentium
1466 1220 1602 1253 ventus

184 1277 342 1310 coortus
362 1271 545 1310 harenam
567 1271 686 1310 humo
708 1271 897 1319 excitavit,
920 1283 962 1310 ea
985 1283 1122 1322 magna
1143 1272 1176 1309 vi
1199 1272 1335 1321 agitata
1357 1283 1424 1310 ora
1446 1270 1602 1310 oculos·
1631 1277 1672 1310 20

141 1333 158 1364 '1
184 1339 259 1378 que
280 1326 442 1378 implere
462 1327 573 1375 solet,
596 1327 646 1366 ita
666 1333 877 1379 prospectu
900 1327 1085 1379 impedito
1108 1328 1250 1367 morari
1272 1328 1358 1367 iter.
1397 1332 1601 1380 postquam

186 1382 427 1434 Cyrenenses
448 1382 646 1434 aliquanto
677 1384 916 1435 posteriores
937 1397 978 1423 se
1000 1397 1084 1423 esse
1105 1384 1235 1423 vident
1256 1390 1293 1424 et
1323 1383 1372 1422 ob
1394 1396 1475 1423 rem
1507 1396 1603 1422 con-

184 1445 338 1491 ruptam
374 1440 478 1478 domi
508 1452 656 1491 poenas
686 1445 888 1487 metuunt,
929 1441 1124 1480 criminari
1158 1439 1487 1492 Carthaginiensis
1517 1445 1604 1479 ante

184 1503 338 1547 tempus
370 1495 484 1534 domo
515 1496 711 1547 digressos
742 1497 975 1536 conturbare
1006 1509 1101 1544 rem,
1133 1498 1302 1548 denique
1333 1497 1461 1536 omnia
1491 1496 1605 1535 malle

142 1557 161 1590 8
185 1564 301 1603 quam
332 1551 421 1590 victi
450 1551 567 1591 abire.
629 1552 695 1591 sed
727 1565 814 1591 cum
841 1552 963 1591 Poeni
995 1553 1106 1592 aliam
1138 1553 1421 1603 condicionem,
1453 1559 1602 1592 tantum
1633 1558 1672 1590 25

185 1608 300 1647 modo
322 1620 496 1659 aequam,
528 1613 719 1659 peterent,
752 1608 886 1648 Graeci
912 1610 1110 1660 optionem
1143 1608 1518 1660 Carthaginiensium
1550 1608 1605 1648 fa-

187 1664 307 1712 ciunt,
330 1672 373 1704 ut
393 1664 451 1703 vel
473 1664 540 1713 illi,
562 1676 662 1715 quos
683 1664 770 1703 finis
791 1665 939 1717 'populo
971 1678 1044 1704 suo
1064 1672 1265 1717 peterent,
1297 1666 1348 1705 ibi
1369 1666 1440 1704 vivi
1463 1665 1604 1704 obrue·

186 1725 325 1760 rentur
356 1721 414 1760 vel
447 1720 579 1759 eadem
603 1720 832 1759 condicione
861 1733 946 1760 sese
967 1734 1082 1773 quem
1114 1722 1151 1761 in
1184 1723 1312 1761 locum
1343 1721 1484 1761 vellent
1511 1733 1605 1774 pro-

145 1782 165 1814 9
189 1789 378 1816 cessuros,
421 1775 595 1815 Philaeni
618 1777 847 1816 condicione
875 1777 1033 1828 probata
1056 1791 1177 1829 seque
1197 1779 1390 1830 vitamque
1418 1791 1528 1818 suam
1548 1778 1604 1817 rei

128 1839 165 1870 10
191 1832 369 1885 publicae
390 1833 678 1873 condonavere:
703 1832 752 1873 ita
768 1833 839 1872 vivi
857 1834 997 1874 obruti.
1036 1834 1374 1885 Carthaginienses
1394 1835 1432 1874 in
1457 1847 1501 1874 eo
1518 1834 1605 1874 loco
1635 1838 1675 1872 3ο

191 1889 384 1928 Philaenis
415 1889 599 1928 fratribus
622 1901 705 1928 aras
734 1902 1010 1930 consecravere
1031 1891 1173 1942 aliique
1196 1891 1271 1930 illis
1303 1891 1406 1930 domi
1435 1891 1607 1930 honores

189 1945 367 1985 instituti,
409 1958 517 1985 nunc
537 1945 584 1985 ad
603 1958 684 1985 rem
706 1946 836 1985 redeo.

115 2003 165 2040 80
302 2001 486 2053 Iugurtha
517 2007 723 2053 postquam
745 2002 883 2042 amissa
903 2003 1021 2043 Thala
1051 2003 1147 2042 nihil
1178 2004 1270 2043 satis
1295 2003 1448 2043 firmum
1472 2008 1607 2042 contra

189 2057 385 2098 Metellum
416 2064 539 2109 putat,
561 2070 632 2109 per
659 2070 817 2110 magnas
847 2059 1077 2099 solitudines
1109 2072 1196 2099 cum
1229 2060 1362 2111 paucis
1393 2060 1606 2111 profectus,

188 2114 366 2166 pervenit
384 2114 431 2153 ad
453 2114 648 2162 Gaetulos,
679 2127 803 2165 genus
826 2116 1028 2155 hominum
1056 2116 1183 2156 ferum
1206 2116 1474 2167 incultumque
1503 2122 1539 2154 et
1560 2127 1605 2154 eo
1635 2120 1674 2153 35

146 2176 165 2209 2
189 2178 365 2221 tempore
396 2171 574 2221 ignarum
614 2171 785 2210 nominis
824 2171 1001 2211 Romani.
1062 2185 1196 2212 eorum
1235 2172 1523 2212 multitudinem
1565 2172 1603 2211 in

279 2272 299 2303 4
325 2280 391 2302 non
416 2270 552 2313 dignum
573 2271 603 2303 P
614 2269 625 2312 ΙΙ
645 2269 794 2303 mirabile
812 2270 874 2312 PC,
901 2272 1116 2305 memorabile
1139 2274 1192 2312 (in
1210 2272 1344 2305 duobus
1359 2282 1404 2303 m.
1421 2269 1443 2303 ‘2
1460 2274 1493 2303 el
1510 2270 1606 2304 mira-

190 2315 256 2348 bile
274 2325 295 2347 a
309 2317 444 2356 prima)
465 2314 492 2347 C
506 2314 518 2359 11
537 2315 675 2348 facimus
692 2315 744 2358 Pss
765 2318 782 2348 5
802 2326 862 2349 nos
880 2315 974 2349 locus
993 2317 1056 2353 PC.
1079 2318 1174 2351 locus
1191 2327 1252 2350 nos
1271 2315 1297 2349 C
1310 2317 1519 2349 deteriores.-
1545 2325 1605 2349 nos

190 2360 316 2392 delevit
331 2358 470 2392 Cor-eius
486 2359 497 2402 Η
518 2362 536 2394 6
554 2361 713 2403 pleraque
730 2361 831 2393 africa
845 2371 937 2393 unns
953 2362 1064 2395 duone
1079 2363 1113 2403 C,
1127 2364 1324 2395 Arusianus
1335 2372 1371 2404 p.
1386 2361 1462 2402 237,
1480 2361 1607 2403 plerae-

190 2415 255 2447 que
273 2404 394 2438 asrieae
412 2405 468 2438 PC
480 2404 492 2448 ΙΙ
517 2407 548 2438 11
580 2405 684 2448 fuisse
702 2407 732 2438 P
744 2405 756 2450 ΙΙ
776 2407 814 2439 13
836 2405 985 2449 delegati
1003 2408 1033 2440 P
1047 2407 1059 2451 ΙΙ
1084 2411 1118 2442 15
1137 2407 1234 2451 quibs
1251 2417 1296 2438 eoe
1313 2407 1407 2439 euius
1425 2407 1460 2448 P,
1484 2405 1607 2449 quibus

194 2449 220 2482 C
236 2449 247 2493 ΙΙ
268 2452 307 2484 16
333 2449 519 2492 ρὴίᾼειιθε
537 2452 572 2492 P,
599 2451 750 2494 philenes
775 2451 830 2483 vel
852 2451 1025 2494 philaenes
1046 2452 1073 2485 C
1087 2451 1100 2497 ΙΙ
1119 2454 1159 2486 20
1184 2461 1240 2485 ora
1258 2451 1443 2494 oculosque
1469 2461 1515 2483 em
1534 2460 1607 2484 ora-

191 2495 353 2538 rulosqne
371 2496 402 2528 P
416 2495 427 2538 ΙΙ
445 2497 485 2529 22
508 2495 680 2539 aliquanto
706 2507 750 2528 ea·
774 2496 953 2539 aliquando
972 2497 1025 2540 ΡΙΙ
1045 2499 1086 2530 25
1112 2497 1202 2530 abire
1227 2507 1271 2528 ea·
1295 2496 1417 2529 habere
1435 2495 1488 2540 ΡΙΙ
1507 2495 1604 2539 poeni

191 2539 290 2627 iilian'i¹
315 2551 360 2572 ex
384 2540 565 2583 poeniliam
591 2543 626 2584 P,
661 2541 818 2585 peniliam
842 2544 880 2574 in
903 2553 1016 2585 marg.
1040 2553 1062 2585 p
1079 2542 1091 2586 1}
1111 2544 1151 2575 27
1178 2545 1371 2585 peterentur
1396 2540 1451 2585 Ρη
1469 2542 1509 2574 29
1534 2540 1608 2584 phi-

205 2585 256 2617 eni
306 2584 374 2628 regi
401 2596 431 2628 p.
457 2587 488 2618 P
