1709 2885
173 89 228 127 56
678 91 712 125 C.
731 89 937 126 SALLUSTI
962 89 1096 124 GRISPI

168 199 251 233 tum
272 193 387 232 modo
409 193 499 232 belli
521 206 669 233 moram
690 193 921 241 redimebat,
953 192 1190 232 existumans
1210 205 1295 233 sese
1317 192 1462 245 aliquid
1487 192 1588 232 inte-

168 251 241 289 rim
265 249 407 288 Romae
427 250 553 301 pretio
575 256 640 290 aut
660 251 779 300 gratia
800 250 1040 289 effecturum.
1082 256 1214 301 postea
1242 262 1331 289 vero
1361 261 1476 301 quam
1497 261 1586 301 par-

168 307 324 357 ticipem
362 307 493 357 negoti
529 307 718 345 Scaurum
749 306 909 357 accepit,
942 305 981 345 in
1011 317 1226 345 maxumam
1258 318 1366 358 spem
1399 305 1586 344 adductus

169 363 460 414 recuperandae
482 363 601 414 pacis,
626 363 758 402 statuit
778 374 865 401 cum
883 362 938 401 eis
953 361 1000 401 de
1016 362 1198 402 omnibus
1215 362 1460 414 pactionibus
1474 373 1595 413 praef

127 426 147 458 4
170 431 260 458 sens
281 430 406 469 agere.
449 425 620 458 ceterum
644 419 790 458 interea
812 418 899 457 fidei
920 430 1032 458 causa
1063 419 1229 457 mittitur
1258 431 1278 457 a
1307 419 1468 458 consule
1490 417 1586 457 Sex·
1615 425 1635 456 5

168 474 246 514 tius
262 481 446 526 quaestor
459 475 497 514 in
516 475 702 527 oppidum
719 475 929 525 Iugurthae
944 475 1096 525 Vagam.
1139 475 1250 513 cuius
1266 475 1320 513 rei
1336 475 1486 526 species
1507 481 1583 513 erat

168 531 342 582 acceptio
365 532 572 577 frumenti,
604 532 706 582 quod
740 529 973 582 Calpurnius
1003 531 1125 583 palam
1156 531 1289 581 legatis
1320 531 1585 583 imperaverat,

125 596 143 627 5
167 587 570 638 quoniamdeditionis
585 600 691 626 mora
709 588 879 626 indutiae
896 588 1150 637 agitabantur.
1193 588 1311 638 igitur
1326 600 1405 633 rex,
1424 587 1479 626 uti
1490 599 1585 626 con-

165 643 364 689 stituerat,
389 644 428 682 in
451 650 573 682 castra
597 644 701 683 venit
720 656 764 683 ac
784 656 904 696 pauca
935 645 1129 695 praesenti
1160 644 1323 682 consilio
1355 644 1508 682 locutus
1535 642 1584 681 de
1676 686 1678 689 .

165 699 305 738 invidia
327 700 414 738 facti
436 700 497 738 sui
518 706 633 750 atque
655 701 709 739 uti
732 700 771 739 in
793 701 1027 739 deditionem
1050 701 1304 752 acciperetur,
1325 699 1473 749 reliqua
1493 710 1582 738 cum
1615 705 1654 738 10

164 756 292 794 Bestia
315 762 351 794 et
372 756 518 795 Scauro
541 762 686 795 secreta
708 757 899 807 transigit.
940 757 1028 796 dein
1051 763 1206 808 postero
1230 757 1289 795 die
1312 756 1421 807 quasi
1437 767 1508 807 per
1523 767 1581 794 sa-

121 819 140 851 6
164 817 289 850 turam
311 813 514 851 sententiis
536 813 737 864 exquisitis
758 813 797 851 in
819 813 1054 853 deditionem
1083 813 1284 864 accipitur.
1326 812 1392 850 sed
1426 812 1480 850 uti
1511 823 1582 863 pro

164 868 326 907 consilio
358 869 588 920 imperatum
619 875 720 915 erat,
752 869 946 921 elephanti
980 869 1159 920 triginta,
1195 881 1315 920 pecus
1342 874 1457 919 atque
1493 867 1582 919 equi

119 933 137 964 7
162 924 272 963 multi
291 937 379 963 cum
396 937 514 976 parvo
530 926 680 976 argenti
698 926 873 977 pondere
883 926 1077 977 quaestori
1098 926 1316 964 traduntur.
1349 924 1583 976 Calpurnius

161 979 322 1019 Romam
345 981 390 1020 ad
412 982 658 1032 magistratus
679 982 873 1031 rogandos
893 981 1166 1034 proficiscitur.
1207 983 1246 1021 in
1269 981 1444 1020 Numidia
1463 986 1500 1019 et
1515 991 1580 1019 ex·
1613 986 1651 1019 15

162 1037 283 1076 ercitu
307 1043 443 1076 nostro
465 1050 539 1089 pax
560 1038 787 1089 agitabatur.

85 1096 136 1132 30
274 1093 484 1145 Postquam
515 1107 576 1133 res
609 1095 647 1134 in
679 1096 804 1134 Africa
837 1100 962 1144 gestas
989 1106 1145 1144 quoque
1176 1093 1290 1131 modo
1321 1099 1426 1132 actae
1455 1093 1584 1131 forent

159 1149 258 1189 fama
287 1150 509 1201 divolgavit,
541 1151 685 1190 Romae
718 1163 788 1202 per
818 1151 944 1189 omnis
965 1149 1073 1188 locos
1102 1155 1139 1188 et
1167 1155 1382 1188 conventus
1411 1149 1458 1187 de
1481 1149 1582 1187 sacto

161 1206 333 1245 consulis
355 1207 502 1257 agitari.
534 1208 636 1258 apud
658 1207 809 1259 plebem
829 1206 952 1256 gravis
969 1205 1122 1253 invidia,
1140 1211 1269 1256 patres
1285 1205 1439 1244 solliciti
1458 1211 1579 1244 erant.

159 1263 423 1314 probarentne
444 1270 594 1301 tantum
616 1263 801 1313 flagitium
824 1275 871 1301 an
890 1263 1087 1301 decretum
1110 1261 1282 1300 consulis
1311 1261 1582 1300 subvorterent
1609 1267 1651 1300 20
1679 1287 1689 1298 τ

117 1325 136 1357 2
159 1331 297 1370 parum
321 1319 534 1358 constabat.
576 1331 620 1358 ac
640 1331 818 1358 maxume
840 1331 907 1357 eos
927 1319 1100 1370 potentia
1121 1318 1271 1364 Scauri,
1302 1318 1407 1369 quod
1428 1317 1460 1356 is
1489 1329 1580 1357 auc-

117 1383 135 1414 3
158 1380 221 1414 tor
252 1382 289 1414 et
318 1375 448 1415 socius
475 1375 626 1415 Bestiae
654 1376 873 1423 ferebatur,
904 1388 923 1414 a
945 1387 1036 1414 vero
1058 1375 1240 1425 bonoque
1270 1373 1504 1425 inpediebat.
1545 1381 1580 1413 at

160 1430 200 1470 C.
222 1431 442 1478 Memmius,
465 1432 576 1471 cuius
598 1433 644 1471 de
666 1432 840 1471 libertate
861 1431 995 1483 ingeni
1013 1437 1051 1470 et
1072 1431 1159 1469 odio
1182 1430 1378 1482 potentiae
1399 1429 1580 1470 nobilita-

157 1487 206 1526 tis
227 1500 346 1539 supra
368 1488 547 1533 diximus,
571 1489 673 1527 inter
694 1488 974 1528 dubitationem
998 1494 1037 1527 et
1055 1500 1184 1526 moras
1205 1493 1364 1526 senatus
1385 1487 1578 1526 contioni·
1685 1521 1687 1526 Α

154 1543 230 1582 bus
251 1544 442 1595 populum
464 1545 509 1582 ad
531 1545 805 1583 vindicandum
827 1545 986 1591 hortari,
1008 1556 1170 1582 monere
1191 1556 1239 1582 ne
1261 1555 1342 1582 rem
1368 1543 1577 1595 publicam,
1607 1549 1647 1582 25

154 1612 205 1639 ne
225 1600 442 1639 libertatem
464 1612 572 1639 suam
595 1600 841 1651 desererent,
871 1600 991 1639 multa
1022 1599 1190 1651 superba
1221 1605 1258 1638 et
1284 1599 1455 1638 crudelia
1485 1599 1577 1639 iaci-

155 1668 252 1695 nora
283 1656 494 1696 nobilitatis
524 1658 750 1696 ostendere:
783 1669 944 1708 prorsus
974 1656 1147 1695 intentus
1177 1656 1281 1694 omni
1312 1656 1427 1694 modo
1453 1655 1577 1707 plebis

111 1719 131 1751 4
154 1712 326 1751 animum
348 1712 593 1752 incendebat.
635 1714 700 1752 sed
729 1714 912 1763 quoniam
938 1725 980 1751 ea
1008 1718 1236 1763 tempestate
1258 1711 1402 1751 Romae
1422 1712 1577 1751 Memmi

153 1768 335 1808 facundia
365 1769 465 1808 clara
495 1769 728 1820 pollensque
759 1769 849 1814 fuit,
883 1769 1019 1808 decere
1050 1768 1272 1807 existumavi
1295 1780 1411 1807 unam
1434 1781 1479 1807 ex
1500 1774 1575 1808 tam

152 1824 285 1864 multis
321 1825 537 1864 orationem
573 1826 656 1864 eius
692 1825 935 1877 perscribere
976 1836 1019 1863 ac
1059 1825 1318 1876 potissumum
1355 1837 1396 1864 ea
1437 1825 1573 1872 dicam,
1603 1832 1646 1864 30

153 1882 312 1932 quaein
335 1881 518 1920 contione
549 1889 639 1932 post
667 1882 834 1921 reditum
863 1881 1014 1920 Bestiae
1043 1880 1313 1920 huiuscemodi
1342 1880 1468 1920 verbis
1497 1881 1576 1920 dis-

152 1938 288 1976 seruit.

78 1995 127 2032 31
260 1988 404 2032 ‘Multa
439 2006 500 2033 me
533 1994 786 2033 dehortantur
817 2006 836 2032 a
866 1993 994 2040 vobis,
1026 1993 1216 2041 Quirites,
1248 1993 1286 2032 ni
1316 1992 1488 2032 studium
1517 1992 1574 2032 rei

241 2117 260 2147 4
287 2115 369 2148 stuit
394 2114 451 2159 ΡΗ
467 2118 487 2150 6
513 2125 633 2157 uagam
659 2116 726 2156 (vel
749 2117 878 2154 uacam)
900 2116 932 2157 C,
959 2114 1004 2154 cf.
1024 2115 1146 2148 titulus
1162 2115 1268 2147 Henz.
1287 2114 1410 2154 679211,
1434 2124 1572 2147 uaccam

149 2161 179 2193 P
191 2162 268 2202 (qni
285 2164 486 2193 constanter
504 2171 606 2193 uacca
625 2165 658 2193 et
673 2170 856 2193 uaccenses
873 2160 1115 2202 e.vl11·bet)C(e
1128 2162 1253 2202 quibus
1264 2171 1358 2192 unus
1371 2161 1574 2192 constanter

148 2215 234 2248 uaga
253 2209 286 2237 ec
302 2215 466 2248 uagenses
456 2207 480 2246 )
497 2206 545 2248 Η·
536 2218 542 2237 ι
566 2205 718 2248 acceptio
732 2217 768 2248 p,
794 2209 934 2248 accepto
949 2207 978 2238 P
993 2206 1004 2248 Η
1025 2208 1064 2239 10
1082 2206 1290 2248 acciperetur
1303 2216 1338 2248 p,
1357 2208 1573 2246 acceperatur

147 2250 200 2293 ΡΗ
225 2252 260 2283 11
277 2255 462 2293 posterop
489 2250 691 2301 posteraPll
711 2254 857 2283 saturam
874 2251 937 2285 PC
963 2255 1112 2293 satyram
1123 2251 1185 2293 pC
1211 2259 1364 2283 scaurum
1383 2249 1434 2293 Css
1458 2251 1496 2283 14
1522 2259 1573 2282 ar-

148 2299 249 2338 gent*
276 2298 309 2336 (ο
327 2296 429 2335 eras.)
446 2297 477 2328 P
491 2297 502 2338 Η
523 2298 560 2328 15
587 2296 804 2338 magistratus
824 2305 887 2344 rog
878 2295 998 2328 andos
1024 2296 1307 2338 e.1:magistratos
1324 2295 1494 2336 rogandus
1512 2296 1542 2327 P
1559 2292 1572 2339 ss

151 2342 190 2374 18
216 2339 304 2373 sama
326 2351 361 2383 p,
388 2341 474 2373 same
498 2339 552 2383 ΡΗ
573 2340 662 2374 sacto
685 2351 720 2383 p,
746 2330 838 2373 sacta
852 2341 903 2372 Ρ
930 2344 966 2373 19
992 2341 1097 2382 patris
1118 2342 1172 2381 ΡΗ
1192 2342 1233 2373 23
1258 2339 1433 2383 potentiae
1454 2339 1508 2384 Pu
1527 2341 1570 2374 25

146 2384 384 2418 uindicandum
405 2397 451 2428 p
479 2385 712 2419 uindicandam
737 2385 793 2427 Pu
811 2394 851 2417 ne
877 2395 944 2417 rem
971 2385 1139 2428 publicam
1165 2388 1201 2426 (r.
1228 2396 1258 2428 p.
1285 2386 1448 2427 optimus)
1473 2395 1515 2418 ne
1539 2395 1571 2425 z,

145 2429 193 2463 P.
208 2429 257 2463 R.
273 2439 315 2463 ne
338 2431 403 2471 PC,
472 2441 513 2473 p.
529 2441 564 2463 r.
581 2441 622 2464 ne
647 2441 715 2464 rem
741 2429 909 2473 publicam
936 2441 976 2463 ne
1002 2431 1070 2470 (vel
1092 2432 1139 2471 et)
1165 2428 1277 2473 01126
1303 2429 1498 2463 desererent
1525 2441 1571 2463 ea·

145 2475 349 2508 dissererent
365 2475 419 2518 ΡΙΙ
438 2465 480 2509 ¹28
498 2476 700 2509 incendebat
716 2476 780 2512 PC,
805 2475 1009 2508 accendebat
1030 2475 1056 2508 C
1069 2474 1081 2519 ΙΙ
1102 2477 1303 2518 tempestate
1320 2473 1369 2507 R.
1387 2473 1419 2506 Μ
1444 2475 1569 2508 εηῑιιιίἰ

145 2519 231 2561 (fuit
253 2520 378 2558 emmii)
403 2520 456 2565 Pu
476 2522 519 2554 30
545 2530 740 2565 ea—quae
766 2520 808 2561 C,
834 2530 965 2553 eam—
980 2530 1066 2563 quae
1090 2519 1162 2561 PC,
1187 2529 1431 2562 eam—quam
1454 2519 1507 2564 (ΙΙΙ
1526 2522 1564 2554 31

146 2565 339 2599 contionem
363 2566 394 2598 Ρ
