1709 2885
73 686 111 718 10

72 968 108 999 15

70 1248 110 1281 20

74 1530 114 1563 25

74 1811 113 1843 30

75 2091 115 2124 35

656 71 710 105 DE
734 71 789 104 RE
814 71 996 105 PUBLICA
1020 71 1033 104 1
1483 68 1560 107 133

138 174 305 214 lubidini
345 178 523 225 sumptus
562 179 795 224 quaererent
822 180 938 224 atque
970 180 1100 213 essent
1129 173 1337 225 obprobria
1367 174 1562 221 victoriae,

140 243 306 283 quorum
328 230 481 281 flagitiis
503 230 852 270 commacularetur
878 231 1072 269 bonorum
1102 230 1199 270 laus.
1241 242 1369 280 neque
1403 230 1504 269 enim
1526 237 1563 268 te
1585 238 1604 269 4

139 287 351 339 praeterire
371 293 480 338 puto,
512 286 614 337 quali
644 286 810 338 quisque
846 299 981 325 eorum
1011 299 1120 324 more
1151 293 1216 325 aut
1240 286 1428 324 modestia
1450 287 1562 324 etiam

138 351 219 383 tum
243 343 356 382 dubia
386 343 545 381 victoria
576 355 660 381 sese
691 344 854 393 gesserit
885 355 1041 394 quoque
1070 343 1184 381 modo
1215 342 1254 380 in
1285 342 1373 381 belli
1399 342 1563 380 admini—

140 400 327 439 stratione
348 406 474 438 scorta
496 403 560 437 aut
581 398 751 437 convivia
769 399 1014 438 exercuerint
1038 411 1117 437 non
1140 399 1250 446 nulli,
1272 411 1439 448 quorum
1461 403 1563 437 aetas

140 469 190 495 ne
211 468 282 507 per
302 457 425 495 otium
447 455 600 505 quidem
622 454 707 493 talis
728 456 935 507 voluptatis
955 456 1039 494 sine
1060 455 1250 494 dedecore
1272 454 1482 505 attingerit.

253 511 308 550 De
328 511 431 550 bello
453 511 543 549 satis
565 511 724 550 dictum.
765 512 811 550 de
847 524 941 562 pace
969 512 1156 550 firmanda
1178 512 1360 562 quoniam
1382 518 1504 562 tuque
1527 515 1564 549 et
1585 513 1609 549 5

140 580 275 606 omnes
304 568 360 606 tui
389 567 560 618 agitatis,
593 567 760 618 primum
790 568 850 616 id,
883 580 1048 618 quaeSO,
1079 568 1282 606 considera
1313 566 1426 618 quale
1446 566 1496 605 sit
1516 567 1562 605 de

141 636 218 675 quo
241 624 459 662 consultas:
482 625 532 662 ita
563 623 677 662 bonis
705 623 893 673 malisque
933 624 1088 662 dimotis
1117 624 1263 675 patenti
1283 624 1339 662 via
1362 624 1407 662 ad
1429 635 1563 662 verum

140 692 293 732 perges.
344 692 414 730 ego
445 679 502 718 sic
530 679 726 719 existimo:
757 680 940 730 quoniam
976 686 1059 718 orta
1089 680 1218 719 omnia
1245 680 1464 727 intereunt,
1487 691 1563 730 qua
1585 685 1604 718 2

140 743 370 787 tempestate
390 735 478 775 urbi
499 735 695 774 Romanae
723 736 844 774 fatum
867 737 1003 774 excidii
1026 736 1258 782 adventarit,
1285 736 1376 774 civis
1399 748 1487 774 cum
1509 736 1563 774 ci-

139 793 251 831 vibus
268 805 404 831 manus
421 797 685 838 conserturos‚
702 792 753 831 ita
770 792 941 831 defessos
959 798 996 831 et
1011 793 1218 843 exsanguis
1234 792 1318 842 regi
1334 798 1401 831 aut
1416 792 1562 830 nationi

138 849 303 900 praedae
323 850 488 887 futuros.
529 847 640 886 aliter
661 860 740 886 non
763 848 868 887 orbis
884 854 1074 888 terrarum
1097 861 1226 900 neque
1243 856 1407 887 cunctae
1429 855 1563 898 gentes

139 905 393 955 conglobatae
413 916 567 942 movere
589 910 654 943 aut
683 905 926 944 contundere
956 911 1107 956 queunt
1137 905 1211 943 hoc
1233 905 1453 956 imperium.
1497 905 1563 942 fir-
1587 911 1606 943 3

138 961 276 1000 manda
298 962 417 1011 igitur
437 966 529 999 sunt
548 961 606 999 vel
629 961 859 999 concordiae
888 961 989 1000 bona
1012 968 1049 1000 et
1078 961 1292 1000 discordiae
1314 961 1410 999 mala
1433 961 1564 1012 expel-

138 1018 264 1057 lenda.
305 1017 343 1055 id
358 1017 409 1055 ita
431 1017 593 1063 eveniet,
611 1016 642 1055 si
663 1023 889 1068 sumptuum
909 1024 946 1056 et
962 1017 1186 1068 rapinarum
1209 1017 1405 1056 licentiam
1428 1017 1564 1067 demp-
1587 1024 1607 1055 4

139 1074 249 1119 seris,
272 1086 352 1112 non
369 1074 415 1112 ad
436 1080 564 1112 vetera
581 1073 755 1112 instituta
771 1086 969 1123 revocans,
988 1086 1086 1124 quae
1104 1073 1179 1112 iam
1201 1074 1351 1124 pridem
1369 1075 1564 1124 corruptis

138 1130 314 1168 moribus
333 1130 501 1168 ludibrio
516 1137 622 1177 sunt,
643 1130 709 1168 sed
731 1130 763 1168 si
781 1143 888 1168 suam
906 1130 1076 1182 quoique
1096 1143 1180 1168 rem
1200 1130 1427 1168 familiarem
1448 1130 1564 1168 finem

140 1192 368 1237 sumptuum
385 1185 585 1224 statueris:
604 1186 787 1236 quoniam
805 1187 836 1224 is
853 1186 1014 1225 incessit
1033 1198 1132 1234 mos,
1152 1193 1193 1225 ut
1213 1186 1392 1224 homines
1413 1186 1564 1224 adules-
1588 1193 1607 1224 5

141 1242 287 1282 centuli
309 1255 376 1281 sua
398 1248 513 1292 atque
535 1242 658 1280 aliena
675 1255 920 1289 consumere,
944 1242 1040 1281 nihil
1061 1242 1236 1281 libidinei
1257 1249 1374 1293 atque
1395 1241 1479 1281 aliis
1501 1254 1565 1280 ro-

140 1299 325 1351 gantibus
348 1299 538 1348 denegare
560 1298 868 1349 pulcherrimum
884 1304 1036 1350 putent,
1059 1311 1140 1337 eam
1156 1299 1337 1337 virtutem
1359 1304 1397 1337 et
1416 1299 1566 1348 magni-

140 1355 315 1394 tudinem
344 1354 482 1400 animi,
513 1355 703 1405 pudorem
741 1360 856 1405 atque
886 1355 1113 1394 modestiam
1143 1367 1214 1406 pro
1245 1354 1423 1393 socordia
1451 1355 1565 1393 aesti-

141 1417 261 1451 ment.
304 1423 396 1461 ergo
418 1411 571 1450 animus
591 1411 699 1450 ferox
728 1424 842 1462 prava
865 1412 919 1450 via
943 1412 1164 1462 ingressus,
1187 1411 1254 1450 ubi
1277 1416 1464 1449 consueta
1485 1423 1565 1450 non
1588 1417 1608 1449 6

142 1472 370 1519 suppetunt,
392 1467 515 1506 fertur
535 1479 723 1506 accensus
752 1468 793 1506 in
815 1468 942 1507 socios
971 1467 1087 1506 modo
1105 1468 1219 1506 modo
1251 1467 1289 1505 in
1313 1467 1418 1513 civis,
1439 1472 1567 1505 movet

145 1524 355 1575 composita
376 1530 412 1563 et
431 1535 492 1562 res
510 1526 665 1572 novas†
684 1523 877 1562 veteribus
898 1536 965 1562 aec
989 1524 1198 1574 conquirit.
1233 1535 1352 1574 quare
1371 1523 1566 1561 tollendus
1589 1531 1606 1562 7

143 1587 201 1621 est
220 1581 416 1619 fenerator
437 1580 475 1618 in
498 1584 709 1630 posterum,
736 1580 791 1618 uti
813 1591 902 1619 suas
924 1580 1091 1631 quisque
1113 1592 1176 1618 res
1197 1592 1392 1619 curemus.
1416 1592 1458 1618 ea
1480 1591 1566 1618 vera
1588 1587 1608 1619 8

142 1643 257 1688 atque
279 1635 442 1687 simplex
465 1637 521 1674 via
552 1643 630 1682 est,
651 1636 917 1686 magistratum
939 1636 1100 1688 populo,
1124 1649 1203 1675 non
1225 1636 1409 1675 creditori
1432 1648 1567 1686 gerere

143 1699 181 1732 et
208 1693 515 1742 magnitudinem
552 1693 669 1731 animi
708 1693 747 1730 iu
778 1692 953 1731 addendo
984 1706 1063 1731 non
1096 1692 1288 1731 demendo
1310 1692 1366 1731 rei
1388 1692 1567 1743 publicae

143 1749 361 1789 ostendere.

255 1807 382 1855 Atque
409 1816 479 1854 ego
511 1803 590 1842 scio
621 1815 735 1854 quam
765 1816 901 1855 aspera
931 1804 1026 1842 haec
1058 1816 1121 1843 res
1150 1804 1190 1842 in
1224 1804 1419 1854 principio
1437 1804 1567 1842 sutura
1589 1807 1613 1843 6

144 1862 204 1909 sit,
234 1860 462 1912 praesertim
491 1860 536 1907 is,
569 1860 635 1910 qui
664 1872 705 1898 se
737 1860 776 1898 in
806 1860 963 1898 victoria
986 1859 1167 1899 licentius
1188 1859 1429 1910 liberiusque
1451 1872 1567 1911 quam

143 1917 265 1956 artius
286 1918 441 1956 futuros
462 1915 682 1955 credebant.
725 1929 892 1967 quorum
914 1917 946 1955 si
975 1916 1087 1955 saluti
1110 1917 1241 1967 potius
1262 1928 1377 1966 quam
1399 1916 1566 1955 lubidini

144 1973 346 2020 consules,
368 1972 534 2023 illosque
555 1984 706 2023 nosqne
729 1979 765 2011 et
797 1973 924 2011 socios
946 1973 983 2011 in
1006 1985 1100 2024 pace
1121 1974 1230 2011 firma
1252 1972 1488 2011 constitues:
1505 1972 1567 2011 sin

145 2029 277 2069 eadem
300 2028 425 2067 studia
445 2034 623 2079 artesque
653 2029 843 2068 iuventuti
874 2034 1001 2077 erunt,
1034 2042 1084 2068 ne
1115 2029 1184 2067 ista
1209 2029 1361 2080 egregia
1383 2034 1446 2067 tua
1467 2029 1567 2067 fama

145 2085 261 2126 simul
283 2097 371 2124 cum
393 2084 489 2123 urbe
511 2084 631 2123 Roma
654 2084 760 2124 brevi
791 2086 981 2124 concidet.
1022 2089 1221 2136 postremo
1244 2085 1438 2136 sapientes
1460 2085 1566 2136 pacis
1589 2092 1608 2124 2

144 2154 259 2181 causa
280 2141 425 2180 bellum
448 2146 602 2190 gerunt,
624 2141 795 2181 laborem
818 2154 886 2193 spe
909 2141 976 2180 otii
997 2147 1231 2180 sustentant.
1278 2141 1352 2180 nisi
1375 2141 1478 2179 illam
1499 2142 1566 2179 fir-

143 2210 244 2238 mam
261 2198 394 2244 efficis,
413 2197 514 2235 vinci
531 2209 578 2236 an
595 2198 731 2236 vicisse
752 2198 845 2248 quid
862 2196 1023 2237 retulit?
1045 2210 1165 2249 quare
1182 2210 1353 2249 capesse,
1371 2210 1444 2248 per
1460 2198 1564 2243 deos
1588 2204 1608 2236 3

144 2267 225 2294 rem
248 2254 442 2305 publicam
473 2259 510 2292 et
531 2253 658 2292 omnia
688 2266 845 2306 aspera,
867 2255 923 2293 uti
945 2254 1059 2301 soles,
1090 2254 1268 2306 pervade.
1311 2266 1480 2305 namque
1502 2259 1566 2292 aut
1587 2261 1609 2292 4

234 2367 252 2398 3
292 2364 401 2407 qualis
428 2363 486 2407 VH
515 2365 533 2397 8
565 2364 664 2406 quale
701 2364 744 2397 sit
772 2364 941 2406 wellias,
974 2364 1083 2407 qualis
1114 2364 1157 2397 sit
1182 2364 1243 2407 Vl}
1271 2366 1304 2398 11
1335 2364 1420 2397 ciuis
1454 2365 1500 2404 (ui
1530 2367 1568 2396 in

142 2411 284 2450 rasura)
310 2409 347 2442 V
368 2408 443 2452 {1'15
471 2408 539 2450 uel]
566 2412 599 2441 et
626 2409 763 2442 Cor-tius
786 2408 798 2452 ΙΙ
821 2411 862 2443 23
888 2412 1093 2442 consuexata
1123 2411 1178 2450 (xa
1202 2410 1348 2441 induxit
1366 2411 1485 2451 prima
1508 2412 1566 2450 m.)

144 2455 181 2488 V
198 2453 210 2499 l!
237 2456 278 2488 25
304 2453 477 2487 ueteribus
501 2463 560 2486 aec
590 2454 757 2497 conquirit
790 2455 866 2494 (sed
888 2465 906 2486 a
932 2456 969 2485 in
994 2463 1053 2486 aec
1076 2456 1114 2485 in
1137 2458 1281 2495 rasura)
1308 2454 1358 2486 V:
1388 2464 1448 2496 pro
1474 2457 1568 2487 uete-

143 2500 236 2533 ribus
261 2499 420 2541 concupit
444 2501 612 2541 temptavi
642 2499 684 2531 de
708 2509 758 2541 ep.
773 2510 807 2541 p.
824 2499 869 2533 24
892 2511 918 2531 s.
953 2500 1009 2537 (ut
1040 2508 1098 2531 aec
1121 2501 1168 2531 sit
1196 2499 1286 2531 male
1310 2499 1398 2530 lecta
1423 2501 1566 2531 iteratio

144 2555 217 2578 voc.
237 2545 482 2586 antecedentia,
500 2542 544 2582 cf.
561 2554 589 2576 υ.
599 2543 658 2585 32)
669 2557 682 2584 ,·
697 2544 866 2577 ueteribus
890 2543 1170 2587 acquiritLaetzcs
1188 2543 1200 2587 l}
1217 2545 1258 2577 28
1277 2544 1323 2586 in]
1343 2542 1566 2586 cfip.135,36
