1709 2885
26 715 63 747 10

29 996 66 1027 15

28 1274 69 1307 20

32 1836 73 1868 30

540 102 594 135 DE
618 101 752 135 BELLO
775 100 1038 134 IUGURTHINO
1444 98 1491 136 71

89 204 208 256 capti,
231 202 369 258 reliqui
391 215 526 242 omnes
555 214 716 242 numero
745 203 998 255 quadraginta
1018 202 1222 242 interfecti.
1263 208 1300 240 at
1319 201 1497 246 Romani,
1521 210 1539 241 5

89 271 320 312 quamquam
349 260 487 299 itinere
514 264 628 309 atque
657 271 774 310 opere
802 266 1016 298 castrorum
1038 265 1075 297 et
1095 257 1242 309 proelio
1263 258 1355 297 fessi
1377 264 1498 303 erant,

89 325 239 363 tamen,
270 317 375 367 quod
414 315 590 354 Metellus
620 315 784 365 amplius
814 315 999 366 opinione
1044 314 1286 361 morabatur,
1318 314 1498 353 instructi

90 372 307 423 intentique
329 371 476 410 obviam
496 371 729 423 procedunt.
784 383 871 410 nam
893 371 1004 410 dolus
1024 369 1274 409 Numidarum
1298 370 1395 408 nihil
1415 370 1498 409 lan·
1522 376 1541 406 6

90 428 195 479 guidi
224 441 352 478 neque
373 427 521 466 remissi
543 426 770 478 patiebatur.
826 440 870 466 ac
890 427 1015 478 primo
1037 426 1202 465 obscura
1224 432 1357 472 nocte,
1389 432 1498 477 post·
1521 434 1539 465 ἰ·

93 496 203 536 quam
249 484 351 523 haud
387 484 525 534 procul
553 483 654 522 inter
685 496 725 522 se
770 490 899 530 erant,
939 483 1101 534 strepitu
1133 482 1236 521 velut
1270 483 1401 521 hostes
1436 482 1497 521 ad-

91 547 257 587 ventare,
279 540 387 579 alteri
409 540 510 591 apud
531 539 671 578 alteros
690 539 937 578 formidinem
958 539 1072 578 simul
1094 545 1131 577 et
1151 538 1359 577 tumultum
1374 539 1499 577 facere

93 603 128 635 et
147 608 270 647 paene
292 596 539 647 inprudentia
560 595 768 634 admissum
789 596 938 634 facinus
968 595 1205 641 miserabile,
1236 596 1274 633 ni
1304 594 1500 644 utrimque

92 652 293 704 praemissi
324 652 473 702 equites
502 663 584 690 rem
613 651 926 702 exploravissent.
968 651 1086 702 igitur
1113 663 1185 702 pro
1215 657 1321 689 metu
1343 656 1502 701 repente
1525 656 1543 689 S

93 709 274 759 gaudium
295 714 486 754 mutatur,
516 707 655 746 milites
687 707 784 746 alius
812 707 929 746 alium
950 708 1038 747 laeti
1058 707 1273 758 appellant,
1304 712 1384 745 acta
1411 707 1502 745 edo-

92 771 183 803 cent
198 770 312 815 atque
327 764 501 809 audiunt,
519 775 587 802 sua
604 763 768 813 quisque
783 764 896 802 fortia
911 764 1009 803 facta
1024 764 1068 802 ad
1085 763 1233 802 caelum
1250 764 1334 802 sert.
1358 762 1503 814 quippe

91 833 154 859 res
173 821 364 859 humanae
385 820 435 858 ita
456 831 539 858 sese
559 819 722 858 habent:
745 820 784 858 in
806 820 965 859 victoria
985 820 1043 858 vel
1064 820 1210 870 ignavis
1227 819 1382 870 gloriari
1400 818 1502 864 licet,

92 877 272 915 advorsae
293 888 355 914 res
376 876 488 914 etiam
508 875 634 914 bonos
656 876 881 914 detrectant.

204 932 381 971 Metellus
409 932 450 970 in
481 931 627 970 eisdem
657 931 790 970 castris
812 932 1017 982 quatriduo
1049 938 1222 970 moratus
1243 930 1394 969 saucios
1416 941 1505 968 cum
1528 932 1578 968 54

95 1000 186 1028 cura
216 988 358 1035 reficit,
388 987 546 1026 meritos
575 988 615 1026 in
644 987 803 1040 proeliis
824 1000 932 1027 more
952 987 1109 1026 militiae
1134 987 1270 1032 donat,
1300 987 1505 1025 univorsos

94 1045 134 1083 in
163 1045 345 1083 contione
375 1043 503 1083 laudat
534 1050 647 1095 atque
678 1044 752 1095 agit
784 1044 946 1095 gratiaS‚
975 1044 1153 1082 hortatur
1172 1043 1218 1081 ad
1240 1048 1385 1088 cetera,
1408 1054 1506 1092 quae

93 1101 188 1139 levia
209 1108 317 1147 sunt,
340 1112 472 1151 parem
493 1101 663 1139 animum
685 1107 838 1151 gerant:
862 1112 933 1152 pro
954 1099 1113 1138 victoria
1134 1100 1223 1138 satis
1253 1100 1326 1138 ian]
1356 1110 1506 1150 pugna-

96 1162 190 1204 tum,
213 1157 383 1207 reliquos
403 1156 553 1195 labores
575 1169 646 1207 pro
668 1156 808 1208 praeda
827 1157 923 1195 fore.
965 1162 1001 1195 et
1022 1161 1148 1194 tamen
1165 1155 1321 1194 interim
1337 1155 1507 1193 transfu-
1531 1159 1549 1192 2

97 1225 162 1263 gas
185 1220 221 1252 et
240 1212 335 1252 alios
356 1219 614 1264 opportunos,
635 1213 821 1263 Iugurtha
842 1212 910 1251 ubi
931 1212 1105 1263 gentium
1126 1217 1191 1250 aut
1211 1211 1304 1262 quid
1335 1211 1506 1262 agitaret,

98 1281 185 1308 cum
206 1269 392 1320 paucisne
414 1274 515 1307 esset
534 1281 581 1307 an
603 1268 812 1308 exercitum
833 1268 1003 1316 haberet,
1029 1274 1072 1306 ut
1099 1280 1183 1307 sese
1203 1268 1327 1307 victus
1357 1272 1509 1318 gereret

98 1325 338 1376 exploratum
358 1324 472 1363 misit.
514 1332 551 1364 at
571 1325 634 1364 ille
656 1337 739 1364 sese
761 1326 800 1364 in
822 1325 906 1363 loca
927 1325 1095 1364 saltuosa
1125 1330 1162 1363 et
1192 1331 1329 1363 natura
1360 1323 1509 1362 munita
1533 1328 1551 1360 3

96 1387 295 1432 receperat
323 1381 454 1431 ibique
485 1382 645 1432 cogebat
675 1381 886 1420 exercitum
917 1392 1079 1420 numero
1113 1379 1316 1419 hominum
1348 1379 1510 1430 amplio-

96 1449 178 1476 rem
199 1438 265 1476 sed
286 1437 463 1476 hebetem
485 1437 772 1488 infirmumque,
795 1438 875 1488 agri
897 1449 940 1476 ac
960 1437 1114 1488 pecoris
1134 1436 1256 1486 magis
1277 1447 1390 1486 quam
1419 1434 1511 1474 belli

98 1493 297 1532 cultorem.
348 1493 384 1531 id
414 1505 458 1531 ea
487 1494 607 1543 gratia
635 1493 851 1541 eveniebat,
884 1493 988 1543 quod
1017 1492 1333 1544 praeterffregios
1363 1491 1511 1542 equites
1534 1496 1554 1527 4

100 1561 213 1588 nemo
245 1549 418 1588 omnium
447 1548 610 1588 Numida
642 1562 687 1588 ex
716 1549 806 1599 fuga
838 1561 968 1598 regem
1001 1548 1196 1598 sequitur:
1220 1559 1297 1598 quo
1320 1547 1510 1598 cuiusque

99 1606 249 1645 animus
269 1605 355 1652 fert,
379 1617 423 1644 eo
445 1605 652 1644 discedunt
672 1617 801 1656 neque
822 1604 859 1644 id
875 1604 1059 1655 flagitium
1076 1604 1236 1642 militiae
1252 1603 1418 1643 ducitur.
1461 1603 1513 1642 ita

99 1674 140 1701 se
160 1674 287 1701 mores
307 1660 461 1700 habent.

209 1717 331 1768 Igitur
351 1717 529 1756 Metellus
557 1715 623 1755 ubi
654 1716 755 1755 videt
784 1716 886 1767 regis
908 1716 1021 1755 etiam
1045 1722 1128 1754 tum
1149 1716 1320 1755 animum
1341 1716 1511 1754 ferocem
1535 1720 1554 1751 5

101 1785 198 1821 esse,
220 1773 364 1813 bellum
385 1773 582 1819 renovari,
603 1772 707 1822 quod
728 1772 803 1810 nisi
824 1784 869 1810 ex
890 1772 993 1811 illius
1013 1771 1187 1811 lubidine
1208 1771 1289 1822 geri
1310 1784 1391 1810 non
1420 1783 1512 1822 pos-

101 1835 170 1878 set,
192 1835 391 1881 praeterea
410 1829 559 1867 inicum
580 1834 773 1867 certamen
796 1828 869 1866 sibi
891 1840 979 1867 cum
1000 1828 1190 1876 hostibus,
1212 1827 1363 1866 minore
1393 1826 1513 1866 detri-

102 1893 232 1925 mento
263 1885 351 1924 illos
379 1884 480 1923 vinci
510 1896 624 1935 quam
646 1896 738 1923 suos
757 1883 926 1931 vincere,
948 1884 1081 1923 statuit
1101 1896 1181 1922 non
1201 1883 1360 1935 proeliis
1385 1894 1515 1933 neque

104 1942 144 1981 in
165 1941 245 1981 acie
268 1941 333 1979 sed
355 1940 428 1978 alio
452 1952 559 1978 more
579 1939 724 1979 bellum
741 1940 971 1990 gerundum.
1013 1940 1142 1991 itaque
1157 1940 1198 1978 in
1214 1939 1299 1979 loca
1313 1938 1514 1978 Numidiae
1538 1943 1557 1975 6

104 1996 397 2049 opulentissima
427 1996 574 2047 pergit,
606 2007 718 2046 agros
746 2001 885 2041 vastat,
917 1996 1035 2035 multa
1057 1996 1209 2035 castella
1239 2002 1277 2035 et
1298 1995 1439 2047 oppida
1459 2000 1516 2033 te-

105 2065 211 2093 mere
230 2052 378 2092 munita
398 2059 463 2091 aut
484 2053 567 2091 sine
589 2052 781 2103 praesidio
803 2052 904 2104 capit
924 2052 1190 2104 incenditque,
1212 2052 1381 2104 puberes
1397 2051 1517 2090 inter-

196 2164 215 2196 2
241 2162 320 2195 fessi
347 2162 493 2205 laetique
517 2162 573 2194 PC
594 2162 671 2202 (sed
693 2161 773 2194 fessi
797 2161 855 2194 leti
880 2166 998 2203 unus),
1028 2162 1108 2194 sessi
1133 2162 1281 2204 lassique
1305 2174 1342 2194 z:
1371 2161 1521 2204 laetique

106 2208 216 2240 delevi
237 2209 364 2250 (inepte
390 2209 559 2240 insertum
576 2210 721 2250 propter
744 2217 793 2248 sq.
818 2207 1020 2250 intentique)
1047 2206 1059 2249 Η
1076 2208 1095 2241 6
1118 2207 1298 2240 aduentare
1324 2207 1387 2239 del.
1415 2206 1521 2246 Cora,

106 2252 222 2286 Madv.
239 2252 328 2285 Adv.
346 2251 378 2291 2,
396 2252 472 2292 292,
498 2251 717 2284 aduentarent
729 2252 872 2284 Dietselz
889 2252 901 2293 ΙΙ
920 2255 960 2285 10
981 2255 1130 2285 mutatur
1145 2253 1253 2284 Prisc.
1271 2252 1336 2284 vol.
1347 2252 1382 2283 II
1393 2262 1429 2293 p.
1444 2250 1521 2291 296,

107 2302 259 2330 exortum
276 2296 356 2340 PCss
378 2299 417 2330 13
442 2296 628 2330 detrectant
645 2298 675 2330 P
693 2296 874 2337 (deterrent
897 2308 919 2339 p
946 2299 982 2328 in
999 2299 1125 2339 marg.)
1145 2296 1179 2338 C,
1202 2296 1391 2329 detractant
1408 2295 1435 2328 C
1449 2294 1461 2338 ΙΙ
1481 2298 1519 2329 17

107 2346 186 2376 sunt
198 2342 261 2383 PC,
279 2342 347 2374 sint
364 2345 444 2374 ante
463 2341 618 2374 Cor-tcum
636 2340 648 2384 ss
664 2346 824 2384 generant
842 2343 872 2374 P
886 2340 897 2384 Η
914 2342 995 2374 satis
1011 2342 1076 2374 iam
1093 2347 1278 2384 pugnatum
1290 2341 1354 2382 PC,
1372 2351 1523 2383 quorum

105 2389 215 2429 pauci
221 2397 285 2419 om.
296 2386 361 2419 iam
372 2391 435 2419 ant
450 2387 608 2418 ordinem
622 2388 808 2419 verborum
821 2389 964 2419 variant
982 2386 994 2429 ss
1014 2388 1052 2420 18
1063 2391 1097 2419 et
1108 2387 1232 2419 addidi
1249 2387 1338 2419 conl.
1349 2386 1425 2427 lug.
1435 2385 1521 2427 39,2

110 2432 194 2465 [list.
211 2430 258 2470 fr.
277 2431 356 2464 Vat.
376 2434 404 2464 1.
423 2432 476 2472 18,
494 2441 560 2463 om.
577 2430 658 2474 Pon
674 2433 714 2464 21
742 2431 915 2464 salutuosa
927 2432 957 2464 P
971 2434 983 2473 11
1000 2433 1041 2464 22
1059 2432 1242 2464 exercitum
1260 2445 1299 2460 u
1315 2440 1452 2463 numero
1469 2429 1524 2474 Ρη

111 2478 152 2510 25
177 2475 386 2510 numidarum
412 2477 446 2517 C,
470 2475 605 2509 numida
627 2477 658 2508 P
676 2478 734 2517 (ex
757 2476 816 2516 -ia)
843 2476 870 2509 C
883 2477 894 2519 Η
913 2477 954 2508 28
979 2476 1068 2518 regis
1093 2476 1267 2509 etiamtum
1291 2476 1436 2508 animum
1457 2474 1521 2516 PC,

111 2521 198 2564 regis
223 2531 250 2554 a.
266 2531 294 2554 e.
320 2522 375 2554 vel
392 2521 566 2554 etiamtum
590 2531 614 2553 r.
637 2530 665 2553 a.
686 2520 736 2564 CH
756 2523 797 2555 30
822 2521 944 2553 inicum
969 2521 1208 2564 (veliniquumi
1227 2533 1255 2562 z,
1279 2520 1451 2553 inimicum
1468 2519 1526 2553 PG

111 2565 123 2610 ss
146 2568 187 2599 34
212 2565 370 2599 interficit
391 2566 453 2607 PC,
479 2566 573 2608 quod
596 2569 788 2598 correi-tum
814 2568 849 2597 in
874 2565 1010 2608 aliquot
1030 2565 1057 2598 C
