1709 2885
173 86 226 126 62
671 94 705 129 C.
723 93 929 128 SALLUSTI
951 92 1088 127 CRISPI

173 195 221 235 ab
241 208 333 247 rege
354 197 544 248 pecuniae
565 197 801 248 capiundae,
822 197 963 236 milites
983 209 1118 237 mense
1138 197 1318 237 Ianuario
1338 210 1382 237 ex
1414 196 1590 236 hibernis

174 252 212 292 in
236 253 520 303 expeditionem
542 260 673 293 evocat
692 253 922 304 magnisque
946 253 1150 293 itineribus
1181 254 1307 294 hieme
1334 266 1468 305 aspera
1498 265 1589 305 per-

132 313 151 344 4
175 309 279 348 venit
298 309 343 348 ad
366 309 554 361 oppidum
575 309 730 357 Suthul,
753 309 817 348 ubi
839 310 943 360 regis
963 310 1134 350 thesauri
1159 317 1280 350 erant.
1322 310 1424 362 quod
1454 321 1590 360 quam-

175 377 289 416 quam
311 371 349 404 et
368 366 522 406 saevitia
543 366 730 418 temporis
753 373 789 405 et
811 367 1100 418 opportunitate
1121 367 1194 405 loci
1213 379 1341 418 neque
1355 366 1438 418 capi
1460 377 1590 417 neque

173 421 342 461 obsideri
363 428 678 473 poterat—nam
700 423 846 461 circum
869 435 1024 463 murum
1045 423 1160 462 situm
1185 423 1222 462 in
1249 423 1447 475 praerupti
1477 434 1590 461 mon·
1619 429 1638 460 5

172 478 222 517 tis
251 483 420 517 extremo
450 478 628 529 planities
659 479 794 518 limosa
829 478 1059 518 hiemalibus
1093 480 1203 530 aquis
1237 479 1413 531 paludem
1450 479 1593 518 fecerat

172 539 375 573 —tamen
407 541 471 574 aut
499 535 704 575 simulandi
735 535 878 585 gratia,
909 548 985 587 quo
1023 536 1103 586 regi
1137 535 1384 575 formidinem
1418 535 1590 582 adderet,

172 597 239 630 aut
260 590 444 642 cupidine
465 603 603 631 caecus
626 592 675 631 01)
696 591 896 631 thesauros
917 592 1049 644 oppidi
1072 592 1273 644 potiundi,
1301 593 1433 631 vineas
1463 601 1590 642 agere,

100 648 150 686 38
173 658 352 698 aggerem
376 647 520 695 iacere,
543 648 693 700 aliaque
715 659 813 698 quae
834 649 988 700 incepto
1012 650 1098 688 usui
1132 649 1259 687 forent
1288 660 1512 700 properare.
1554 652 1592 685 at

173 703 359 754 Iugurtha
381 705 534 755 cognita
555 705 719 745 vanitate
739 710 853 756 atque
876 705 1055 756 inperitia
1084 705 1196 755 legati
1219 705 1380 744 subdole
1409 704 1492 744 eius
1521 715 1590 741 au·
1622 709 1660 742 10

174 771 265 810 gere
285 760 505 807 amentiam,
527 761 718 801 missitare
739 760 994 813 supplicantis
1012 761 1171 812 legatos,
1190 761 1271 813 ipse
1287 761 1396 812 quasi
1413 760 1591 799 vitabun-

130 823 150 856 2
175 815 248 855 dus
279 828 351 867 per
382 816 548 856 saltuosa
582 818 664 857 loca
693 824 730 857 et
759 818 930 856 tramites
961 818 1171 856 exercitum
1202 818 1372 857 ductare.
1423 815 1592 866 denique

174 872 317 912 Aulum
339 884 408 924 spe
427 873 621 924 pactionis
642 875 834 925 perpulit,
857 874 911 913 uti
935 874 1068 913 relicto
1090 874 1254 913 Suthule
1286 875 1324 913 in
1356 873 1501 912 abditas
1529 883 1594 910 re-

175 929 311 979 giones
333 940 418 968 sese
440 929 557 970 veluti
579 930 781 969 cedentem
809 931 1101 981 insequeretur:
1136 931 1185 969 ita
1213 931 1350 969 delicta
1380 928 1592 968 occultiora

131 991 150 1024 3
174 985 294 1039 suere.
350 985 496 1025 interea
536 999 607 1038 per
639 987 816 1026 homines
846 986 1003 1025 callidos
1033 987 1097 1026 diu
1139 994 1336 1038 noctuque
1379 985 1590 1025 exercitum
1622 989 1660 1022 15

173 1030 404 1093 temptabat,
427 1043 678 1082 centuriones
699 1043 895 1106 ducesque
924 1049 1138 1082 turmarum
1169 1043 1306 1094 partim
1339 1042 1393 1081 uti
1422 1040 1592 1081 transsu-

129 1104 149 1136 4
173 1103 311 1149 gerent
331 1110 612 1150 conrumpe1e,
644 1099 706 1138 alii
738 1100 849 1150 signo
873 1099 959 1138 dato
981 1099 1110 1138 locum
1130 1100 1182 1137 uti
1205 1099 1444 1138 desererent.
1494 1108 1594 1148 quae

171 1160 378 1206 postquam
410 1167 454 1194 ex
485 1156 677 1195 sententia
709 1155 889 1202 instruit,
919 1155 1150 1206 intempesta
1182 1161 1295 1194 noc-te
1327 1154 1372 1193 de
1394 1152 1592 1205 inproviso

129 1217 147 1248 5
171 1211 420 1250 multitudine
435 1211 689 1252 Numidarum
711 1212 798 1250 Auli
820 1217 942 1250 castra
965 1211 1231 1250 circumvenit.
1273 1210 1413 1249 milites
1428 1209 1592 1248 Romani

171 1267 341 1319 perculsi
364 1267 531 1306 tumultu
555 1268 711 1307 insolito
734 1280 836 1307 arma
858 1279 996 1319 capere
1018 1267 1080 1306 alii
1102 1267 1164 1307 alii
1182 1279 1223 1306 se
1239 1267 1393 1315 abdere,
1408 1278 1498 1318 pars
1514 1270 1594 1304 ter·
1622 1270 1662 1302 20

171 1324 266 1362 ritos
297 1324 548 1371 confirmare,
575 1324 768 1375 trepidare
798 1324 980 1363 omnibus
1008 1324 1117 1363 locis.
1158 1324 1214 1362 vis
1245 1335 1383 1374 magna
1408 1321 1593 1368 hostium,

172 1380 319 1419 caelum
342 1386 457 1420 nocte
478 1386 595 1432 atque
613 1380 784 1420 nubibus
806 1380 1068 1429 obscuratum,
1094 1380 1313 1432 periculum
1343 1391 1500 1431 anceps,
1522 1389 1594 1430 po·

129 1441 148 1474 6
171 1443 316 1476 stremo
346 1437 481 1486 sugere
511 1450 558 1475 an
588 1449 745 1476 manere
777 1437 897 1477 tutius
927 1437 1048 1484 soret,
1081 1437 1119 1475 in
1147 1437 1295 1476 incerto
1327 1442 1419 1475 erat.
1460 1434 1526 1475 sed
1548 1445 1594 1473 ex

171 1505 216 1532 eo
247 1504 424 1540 numero,
455 1505 554 1544 quos
574 1494 690 1545 paulo
713 1499 800 1533 ante
822 1500 1037 1545 conruptos
1058 1493 1236 1539 diximus,
1269 1493 1409 1532 cohors
1430 1503 1506 1531 una
1527 1490 1592 1529 Li-

171 1560 311 1600 gurum
334 1561 421 1588 cum
444 1548 594 1588 duabus
615 1550 754 1589 turmis
775 1550 969 1589 Thracum
993 1556 1029 1589 et
1051 1550 1184 1601 paucis
1201 1549 1387 1599 gregariis
1403 1547 1590 1587 militibus
1619 1552 1660 1585 25

170 1605 361 1644 transiere
390 1605 435 1644 ad
467 1617 611 1656 regem,
645 1613 683 1646 et
711 1606 888 1645 centurio
920 1606 1036 1658 primi
1067 1606 1135 1657 pili
1167 1605 1302 1645 tertiae
1331 1604 1496 1656 legionis
1521 1615 1593 1655 per

170 1661 442 1709 munitionem,
464 1674 580 1712 quam
601 1662 657 1701 uti
679 1662 905 1701 defenderet
924 1668 1146 1714 acceperat,
1179 1661 1309 1701 locum
1330 1661 1509 1700 hostibus
1531 1659 1592 1699 in·

128 1723 144 1753 'a'
170 1718 350 1757 troeundi
387 1718 489 1756 dedit
525 1730 648 1769 eaque
683 1718 870 1758 Numidae
907 1719 1036 1757 cuncti
1072 1719 1270 1770 inrupere.
1320 1718 1442 1757 nostri
1480 1716 1591 1756 foeda

170 1775 274 1825 fuga,
304 1773 480 1825 plerique
510 1774 668 1814 abiectis
697 1775 832 1821 armis,
863 1787 1097 1826 proxumum
1118 1774 1255 1814 collem
1286 1779 1590 1825 occupaverunt.

127 1835 146 1868 S
170 1842 247 1870 nox
263 1836 378 1882 atque
400 1831 540 1882 praeda
563 1838 777 1870 castrorum
801 1831 936 1878 hostis,
959 1843 1036 1882 quo
1053 1831 1184 1870 minus
1197 1832 1354 1870 victoria
1371 1835 1589 1876 uterentur,
1619 1833 1661 1866 30
1708 1839 1709 1862 1

127 1892 146 1924 9
169 1893 360 1926 remorata
381 1893 485 1926 sunt.
527 1887 666 1927 deinde
686 1887 873 1939 Iugurtha
894 1894 1051 1939 postero
1074 1887 1134 1926 die
1157 1899 1245 1926 cuin
1267 1887 1365 1926 Aulo
1388 1887 1426 1926 in
1457 1886 1592 1925 conlo-

170 1943 262 1995 quio
298 1943 411 1982 verba
446 1943 548 1982 facit.
590 1945 738 1983 tametsi
776 1945 904 1995 ipsum
942 1957 1027 1983 cum
1065 1943 1235 1983 exercitu
1271 1944 1370 1983 same
1410 1948 1448 1982 et
1485 1942 1591 1981 ferro

169 1999 342 2039 clausum
366 2006 528 2047 teneret,
559 2006 685 2039 tamen
717 2012 757 2039 se
786 2013 997 2040 memorem
1027 2001 1284 2040 humanarum
1307 2011 1452 2048 rerum,
1476 1998 1508 2037 si
1529 2010 1591 2037 se-

168 2068 257 2096 cum
274 2056 411 2095 foedus
428 2056 583 2103 saceret,
601 2056 808 2095 incolumis
825 2058 951 2096 omnis
973 2057 1195 2108 subiugum
1219 2058 1441 2096 missurum.
1477 2066 1590 2106 prae-

111 2120 148 2152 10
171 2121 274 2152 terea
310 2112 365 2150 uti
403 2112 538 2152 diebus
574 2112 705 2152 decem
741 2113 920 2153 Numidia
957 2114 1172 2153 decederet.
1224 2125 1321 2165 quae
1356 2122 1589 2163 quamquam
1619 2115 1659 2149 35

261 2248 279 2280 2
305 2247 520 2290 expeditione
546 2246 622 2289 (ἔρ
628 2248 680 2281 i
699 2252 851 2279 euocat
872 2246 924 2289 Pl!
945 2249 961 2279 7
990 2246 1125 2279 adderet
1145 2257 1188 2278 0.oe
1205 2245 1317 2279 aderat
1335 2244 1388 2288 Pu
1407 2246 1427 2277 9
1454 2245 1550 2277 iaun
1535 2253 1589 2277 ore

167 2294 204 2335 P,
230 2292 404 2335 iacerepH
429 2294 466 2325 10
486 2291 664 2334 subdolep
671 2260 713 2330 C*
722 2291 864 2324 subdolo
883 2292 918 2324 P
945 2291 1108 2325 subdolus
1129 2290 1180 2335 CH
1205 2293 1240 2324 ll
1258 2290 1363 2324 uita
1370 2288 1546 2323 abundus
1562 2289 1594 2322 P

166 2330 236 2383 1113
263 2337 389 2380 aulum]
417 2348 446 2369 t.
470 2337 516 2368 ad
537 2348 571 2380 p.
592 2303 664 2379 61?
667 2335 740 2389 3411
763 2339 799 2370 1-1
827 2336 1023 2375 001111ιε1010
1041 2337 1143 2377 1110118
1170 2335 1245 2371 (sed
1268 2336 1353 2376 tjora
1379 2337 1415 2366 1¹71
1440 2344 1590 2367 rasura:

168 2383 353 2417 occultaret
379 2394 398 2415 a
423 2393 466 2414 m.
490 2393 545 2424 pr.
565 2381 676 2420 fuisse
699 2383 811 2414 visum
832 2382 1039 2421 uim-1011).
1065 2381 1247 2415 occultiore
1277 2380 1338 2413 suit
1361 2391 1384 2422 p
1411 2390 1447 2411 m
1463 2389 1589 2421 marg,

167 2427 352 2462 occultiora
378 2428 469 2461 suere
495 2427 562 2467 (vel
584 2427 668 2468 sore)
696 2426 747 2470 CH
770 2429 808 2460 16
832 2426 951 2469 purtim
982 2427 1014 2460 C.
1040 2427 1185 2470 partium
1208 2425 1264 2459 PC
1280 2424 1291 2468 11
1313 2427 1349 2458 19
1376 2425 1456 2467 auli]
1483 2435 1513 2457 υ.
1542 2405 1590 2456 ad,

166 2485 199 2516 p.
225 2473 279 2515 61,
295 2474 339 2507 ’34
355 2472 367 2516 11
388 2474 428 2506 22
455 2472 517 2506 obs
503 2475 684 2515 curaltum
706 2483 741 2515 p,
767 2472 828 2505 obs
814 2482 917 2512 Qtura
915 2474 955 2503 t'e
981 2473 1011 2504 Ρ
1023 2474 1034 2515 11
1055 2473 1095 2506 23
1123 2471 1236 2514 sugere
1262 2482 1305 2502 es
1330 2470 1446 2512 fugare
1471 2469 1585 2512 Ρ1128

167 2519 373 2571 irrumppere
398 2518 451 2561 Ρ11
472 2519 512 2550 ’29
539 2521 785 2561 occupauerunt
816 2516 877 2558 PC,
903 2527 1111 2560 occupauere
1131 2516 1238 2559 01131
1268 2520 1394 2548 remota
1420 2514 1473 2558 Ρ11
1493 2513 1585 2556 aulo]

168 2586 198 2608 t.
217 2576 263 2607 acl
284 2587 317 2617 p
331 2575 385 2616 61,
389 2573 442 2613 ἷ34
458 2573 470 2617 11
491 2576 531 2607 33
560 2578 687 2607 teneret
713 2585 742 2606 z.
770 2577 858 2606 tenet
886 2573 941 2606 I’C
958 2572 1027 2615 1135
1054 2571 1229 2606 decederet
1255 2572 1324 2612 PC,
1350 2569 1537 2605 dis-cederet
1563 2569 1591 2603 C

1670 2257 1678 2309 i

1651 2540 1675 2885 mm*;;2⁴—94»1.22A.,..
1663 2503 1666 2506 ⁴
