1709 2885
175 97 256 140 108
409 101 444 136 G.
462 99 669 135 SALLUSTI
692 99 830 136 GRISPI
852 100 907 136 DE
929 100 1066 136 BELLO
1089 101 1355 137 mGUR'rflmo

172 203 423 246 contremuit.
463 204 640 257 illimque
667 217 793 257 usque
821 205 868 245 ad
897 210 1071 246 nostram
1097 205 1326 247 memoriam
1350 206 1516 247 Romani
1539 206 1597 247 sic

172 262 365 309 habuere,
396 261 470 302 alia
491 261 621 301 omnia
643 261 775 302 virtuti
797 274 890 302 suae
910 274 1035 314 prona
1055 275 1142 303 esse
1155 294 1165 310 ,
1194 275 1284 302 cum
1304 262 1423 303 Gallis
1441 275 1516 316 pro
1535 277 1597 304 sa-

130 327 150 360 3
173 319 255 359 lute
285 331 367 358 non
396 331 468 371 pro
498 318 622 370 gloria
652 318 806 358 certari.
846 319 915 359 sed
943 324 1151 372 postquam
1170 319 1316 360 bellum
1346 319 1387 359 in
1416 319 1598 360 Numidia

173 375 395 415 confectum
415 381 453 415 et
470 375 699 426 Iugurtham
719 375 882 415 Romam
902 375 1076 417 vinctum
1107 376 1246 416 adduci
1277 376 1498 417 nuntiatum
1525 381 1596 427 est,

172 431 318 472 Marius
339 431 479 472 consul
498 432 640 472 absens
660 433 786 472 factus
807 438 866 472 est
885 439 924 473 et
943 433 977 473 ei
998 433 1152 473 decreta
1183 433 1384 485 provincia
1405 433 1525 473 Gallia
1545 434 1597 473 is-

129 497 151 531 4
174 501 251 541 que
279 488 451 529 calendis
471 488 662 529 Ianuariis
687 500 827 539 magna
856 489 977 541 gloria
1006 489 1145 529 consul
1173 490 1438 543 triumphavit.
1488 496 1527 531 et
1554 502 1598 530 ea

172 552 403 598 tempestate
427 558 518 598 spes
538 552 655 597 atque
676 557 772 598 opes
793 546 955 586 civitatis
975 546 1015 586 in
1037 546 1103 586 illo
1125 547 1231 588 sitae.

267 660 280 690 1
308 657 461 700 illimque
493 668 601 701 usque
633 657 795 691 Dietsch:
820 657 936 702 illique
961 663 993 692 et
1019 658 1095 692 inde
1122 668 1228 701 usque
1249 657 1276 691 C
1287 657 1300 701 ss
1320 660 1339 692 3
1364 658 1484 692 certari
1507 668 1600 690 unus

172 714 217 735 ex
239 701 266 735 G
286 713 334 735 m.
347 705 477 746 prima,
502 707 629 736 certare
653 714 698 736 m.
723 703 847 747 altera,
871 705 1043 743 ceter-5115
1069 710 1120 737 est
1146 708 1179 736 et
1205 703 1235 736 ei
1260 703 1315 736 vel
1333 707 1367 736 et
1392 703 1422 737 ei
1449 702 1540 747 0116
1564 706 1599 736 et

171 758 211 781 ea
235 750 388 791 optimus
420 759 466 780 ea·
499 747 541 790 C,
576 759 616 781 ex
641 758 679 781 ea
705 749 761 781 vel
782 759 821 783 ea
846 752 953 782 ceteri
978 749 1022 782 C:
1054 760 1093 783 ea
1127 750 1267 783 Cor-tius
1299 749 1388 782 conl.
1420 751 1599 782 imitatore

173 793 270 837 Sulp.
296 793 373 828 sev.
397 795 518 827 chron.
545 795 575 835 1,
595 795 647 837 11,
672 795 695 829 8
