1709 2885
316 748 611 800 PRAEFATIO
649 747 921 799 ElllTlllNlS
958 745 1257 799 SECUNDAE.

193 886 320 925 Altera
350 886 445 925 haec
474 886 643 925 Sallustii
684 885 799 925 editio
841 885 905 936 qui
948 887 1091 924 sactum
1130 885 1180 923 sit
1219 889 1263 922 ut
1292 882 1415 935 priori
1445 882 1497 920 si·-

80 943 237 982 millima
268 955 311 981 ac
342 955 465 994 paene
496 943 647 993 gemina
679 943 820 990 evadat,
854 955 961 981 nunc
994 941 1128 993 paucis
1150 952 1347 992 exponere
1373 939 1497 977 visum

81 1005 159 1047 est,
200 1012 249 1038 ne
280 1011 369 1038 cum
399 999 438 1037 in
471 999 565 1050 ipsis
598 998 922 1038 commentariolis
954 1011 1114 1045 eorum,
1146 1010 1244 1048 quae
1273 996 1334 1035 his
1364 996 1498 1034 decem

80 1056 193 1094 annis
232 1056 278 1094 ad
308 1055 421 1094 verba
453 1055 622 1094 Sallustii
652 1055 821 1094 sananda
852 1056 970 1094 multa
1006 1054 1117 1093 multi
1155 1054 1498 1104 deprompserunt,

80 1112 258 1150 consulto
288 1111 350 1150 vix
378 1112 566 1150 tantillam
598 1118 748 1162 partem
770 1113 947 1162 tetigero,
978 1111 1114 1162 aequis
1147 1110 1341 1149 iudicibus
1372 1109 1500 1147 videar

81 1168 205 1207 aliena
236 1180 323 1206 cum
353 1169 453 1206 fastu
484 1169 698 1219 despicere,
731 1174 768 1207 at
797 1182 882 1207 mea
913 1174 979 1206 aut
1009 1167 1146 1207 stolide
1178 1173 1293 1205 tenax
1333 1171 1399 1204 aut
1428 1177 1499 1216 per

81 1224 299 1263 socordiam
328 1225 443 1262 tueri.
504 1231 562 1263 est
590 1230 717 1263 autem
749 1225 789 1263 in
819 1225 948 1263 animo
980 1224 1161 1275 sepositis
1191 1235 1280 1261 mox
1314 1234 1499 1261 consum-

81 1281 271 1332 matisque
308 1280 364 1319 eis
394 1281 546 1330 studiis,
578 1280 721 1331 quibus
751 1281 826 1319 iam
858 1281 923 1319 diu
955 1281 1155 1327 distineor,
1186 1279 1405 1330 periculum
1443 1278 1499 1316 fa-

82 1349 170 1377 cere
199 1338 239 1375 in
272 1337 494 1375 adornanda
524 1338 671 1376 maiore
703 1350 817 1388 quam
849 1337 982 1376 dicunt
1019 1336 1201 1375 editione.
1262 1335 1417 1374 interim
1450 1347 1499 1373 ne

79 1394 182 1433 hanc
212 1393 369 1444 quidem
400 1406 515 1443 quam
545 1394 661 1444 paulo
693 1393 995 1432 emendatiorem
1021 1393 1153 1432 emitto
1184 1392 1301 1444 plane
1321 1391 1499 1430 inutilem

80 1450 164 1488 fore
195 1462 323 1501 spero.

194 1506 269 1545 Sed
300 1505 471 1557 primum
502 1506 678 1544 omnium
708 1505 818 1544 video
857 1513 1109 1556 peccatorum
1141 1504 1387 1556 quorundam
1417 1516 1499 1542 me-

81 1574 193 1601 orum
222 1562 316 1600 mihi
347 1562 496 1601 veniam
527 1575 612 1601 esse
634 1562 908 1613 expetendam:
941 1563 1083 1601 invitus
1105 1562 1209 1601 enim
1231 1561 1323 1599 olim
1345 1561 1499 1611 peccavi

82 1619 222 1657 omissa
240 1618 407 1658 Caroli
427 1618 520 1657 Zan
535 1631 639 1669 gem
653 1619 745 1657 eist
760 1632 779 1657 e
792 1619 830 1657 ri
854 1619 1051 1665 memoria,
1070 1619 1132 1657 cui
1150 1618 1361 1657 debebatur
1377 1617 1501 1667 Vege-

82 1676 276 1714 tianorum
307 1675 484 1714 codicum
515 1675 650 1713 notitia
680 1681 858 1714 accurata
880 1675 959 1714 Cat.
982 1689 1014 1714 c.
1037 1677 1075 1723 7,
1098 1678 1122 1715 4
1145 1674 1376 1725 subscripta,
1408 1673 1500 1712 item

81 1731 200 1771 Cortii
220 1732 379 1771 nomine
401 1731 544 1770 omisso
576 1732 760 1770 nimirum
788 1732 872 1769 eius
894 1733 1140 1771 coniecturae
1169 1731 1352 1776 auctoris,
1384 1742 1499 1781 quam

78 1788 120 1826 in
141 1788 379 1840 praefatione
395 1788 441 1827 de
456 1789 618 1839 feliciter
633 1787 818 1826 vocabulo
841 1794 1032 1827 extiemae
1054 1787 1277 1838 lug-nithini
1294 1787 1384 1825 belli
1401 1787 1500 1838 parti

81 1844 201 1884 inlato
223 1857 520 1906 proposueiam.
561 1850 676 1906 atque
707 1850 748 1882 ut
779 1845 991 1883 excusandi
1014 1845 1232 1907 gratiasque
1253 1843 1392 1894 agendi
1413 1855 1499 1881 mu-

83 1913 177 1939 nera
199 1900 450 1962 coniungam,
482 1901 744 1950 gratissimum
774 1901 849 1938 hoc
880 1902 965 1939 loco
998 1901 1168 1940 animum
1201 1901 1385 1952 piofiteai
1417 1900 1499 1951 pii-

81 1969 188 1995 mum
217 1956 308 1995 viris
341 1956 627 1995 inlustrissimis
657 1957 1002 1996 Heinemauno
1044 1964 1081 1996 et
1110 1957 1329 2008 Pluygei
1339 1956 1411 1994 sio
1443 1961 1499 1994 at—

81 2025 158 2064 que
197 2012 405 2051 Nicolao
447 2012 506 2051 du
541 2012 686 2060 Rieu,
736 2014 1008 2053 thesaurorum
1053 2013 1498 2053 Wolfenhuttelanorum

81 2069 411 2120 Leidensiumque
441 2068 689 2118 largitoribus
716 2069 1016 2119 liberalissimis,
1055 2071 1194 2109 deinde
1223 2070 1499 2108 Francisco

81 2125 265 2164 Ruhlio
287 2138 360 2165 nec
390 2138 469 2163 non
492 2125 654 2164 Keilio
678 2125 988 2178 Halmioque,
1025 2140 1192 2178 quorum
1215 2126 1278 2165 ille
1307 2126 1498 2164 beneficio

81 2182 196 2233 plane
216 2182 404 2233 singulari
420 2194 482 2221 me
504 2181 686 2231 devinxit,
716 2183 755 2221 hi
777 2183 888 2222 solita
905 2184 1084 2223 comitate
1102 2184 1373 2235 quaestionum
1395 2195 1499 2222 mea-

81 2251 169 2277 rum
190 2239 383 2278 solutores
412 2239 570 2277 extitere
599 2239 893 2290 promptissimi.
943 2240 989 2278 de
1015 2253 1182 2292 quorum
1204 2240 1373 2278 virorum
1397 2252 1499 2290 sym-

81 2294 181 2334 bolis
197 2308 268 2334 suo
283 2296 369 2334 loco
386 2295 485 2333 infra
502 2295 726 2346 singillatim
741 2296 958 2347 expositum
975 2302 1043 2336 est.
1076 2310 1183 2336 nunc
1204 2296 1249 2335 ad
1270 2308 1353 2334 rem
1369 2296 1498 2334 redeo.

195 2352 405 2390 BELLORUM
436 2352 554 2401 igitur
575 2351 806 2391 CATILINARH
837 2359 875 2391 et
895 2353 1114 2392 Inanimum
1144 2353 1386 2392 recensionis
1408 2354 1498 2390 fun-

84 2407 304 2446 damentum
337 2415 376 2446 et
406 2408 496 2446 olim
527 2408 642 2447 habui
672 2408 894 2447 Parisinum
924 2409 1066 2448 librum
1089 2410 1201 2449 Sorh.
1225 2411 1319 2456 500,
1352 2408 1498 2460 quippe

86 2476 202 2515 quem
242 2471 336 2503 tunc
374 2464 500 2502 solum
542 2476 586 2502 ex
627 2465 762 2516 optimi
803 2465 958 2515 generis
997 2466 1105 2505 libris
1136 2466 1304 2518 pessime
1334 2464 1498 2504 conlatis

84 2527 222 2559 nactus
243 2526 422 2559 accurate
443 2521 723 2571 cognovissem,
746 2527 784 2559 et
804 2534 910 2560 nune
927 2535 1072 2574 sequor
1096 2524 1233 2563 ducem
1256 2522 1497 2572 primarium,

84 2581 291 2627 postquam
321 2577 493 2616 intellexi
524 2590 612 2616 eum
633 2590 705 2616 nec
731 2577 927 2617 simillimo
958 2580 1011 2617 illi
1032 2579 1209 2619 Parisino
1235 2579 1355 2626 1576,
1387 2578 1498 2617 cuius

152 2647 319 2675 Sallustius.
356 2647 407 2674 Ed.
429 2648 465 2674 ΙΙ.
1211 2656 1229 2677 a
