1709 2885
0 693 66 763 ,ιο

27 991 65 1024 15

20 1272 65 1305 ⁴20

19 1551 61 1587 25

18 1832 62 1866 30

18 2113 59 2146 35

475 95 529 128 DE
555 93 873 129 CONIURATIONE
898 93 1124 128 CATILINAE
1454 90 1511 128 27

94 197 222 240 traditi
252 203 373 238 erant.
421 198 488 238 sed
517 210 586 238 eos
605 197 721 248 paulo
751 203 839 237 ante
868 198 1057 248 frequens
1086 202 1242 237 senatus
1278 197 1511 238 iudicaverat

82 260 230 295 —contra
250 265 331 292 rem
353 254 545 306 publicam
567 254 718 293 fecisse.
757 260 839 294 tum
860 253 904 292 D.
926 253 1062 293 Iunius
1084 253 1238 292 Silanus
1254 255 1404 305 primus
1421 268 1510 294 sen·
1532 260 1554 292 4

94 310 252 351 tentiam
274 317 452 362 rogatus,
475 310 577 362 quod
599 322 644 348 eo
665 315 840 361 tempore
863 310 998 348 consul
1022 309 1246 360 designatus
1268 316 1361 358 erat,
1385 312 1431 350 de
1453 312 1509 350 eis

94 367 161 418 qui
182 366 221 405 in
243 367 429 406 custodiis
448 366 683 406 tenebantur
703 372 739 405 et
763 372 960 417 praeterea
982 365 1027 405 de
1049 365 1091 404 L.
1115 364 1244 404 Cassio
1266 366 1308 404 P.
1331 367 1450 406 Furio
1465 367 1510 407 P.

93 422 289 463 Umbreno
312 423 355 469 Q.
378 423 520 469 Annio,
542 423 574 461 si
596 422 828 473 deprehensi
849 423 989 470 forent,
1010 421 1247 473 supplicium
1269 424 1510 462 sumundum

94 479 312 519 decreverat
339 479 450 531 isque
479 485 610 530 postea
640 485 840 529 permotus
870 479 1045 518 oratione
1076 478 1115 517 C.
1151 478 1322 518 Caesaris
1343 479 1507 530 pedibus

92 536 132 575 in
168 535 400 575 sententiam
422 535 478 574 Ti.
501 535 668 573 Neronis
702 535 847 573 iturum
890 548 931 574 se
966 534 1130 580 dixerat,
1168 535 1271 586 quod
1306 535 1352 573 de
1389 548 1431 574 ea
1464 548 1508 575 re

91 591 294 642 praesidiis
314 592 451 631 additis
472 591 723 630 referundum
745 598 962 631 censuerat.
1003 591 1070 631 sed
1092 590 1240 634 Caesar,
1266 591 1330 630 ubi
1351 591 1396 630 ad
1420 603 1510 631 eum
1532 602 1551 633 5

92 654 250 687 ventum
281 654 359 697 est,
390 653 548 699 rogatus
577 647 806 686 sententiam
837 660 856 686 a
892 648 1053 687 consule
1088 647 1359 686 huiuscemodi
1395 647 1511 688 verba

94 703 248 743 locutus
268 709 339 742 est.

96 807 101 811 .
145 757 169 786 <f
200 757 355 799 ‘Omnis
376 759 567 806 homines,
589 764 718 810 patres
741 760 966 810 conscripti,
989 759 1117 810 quide
1135 759 1251 799 rebus
1268 758 1396 798 dubiis
1412 772 1506 799 con·
1533 767 1581 804 51

92 815 250 864 sultant,
272 816 317 854 ab
339 815 426 854 odio
448 815 614 854 amicitia
635 816 691 855 ira
711 821 826 866 atque
842 816 1107 855 misericordia
1122 829 1261 855 vacuos
1278 828 1363 855 esse
1383 816 1508 856 decet.

91 872 195 910 haud
214 871 326 911 facile
346 871 498 911 animus
517 884 651 911 verum
673 872 867 923 providet:
886 872 952 910 ubi
968 872 1030 911 illa
1047 873 1235 922 officiunt,
1252 884 1380 923 neque
1400 873 1508 924 quis·
1533 883 1553 915 2

92 940 208 979 quam
229 927 403 967 omnium
424 928 589 968 lubidini
610 929 725 967 simul
747 935 783 968 et
799 929 887 968 usui
902 928 1044 979 paruit.
1084 929 1150 967 ubi
1167 929 1381 968 intenderis
1398 929 1509 979 inge·
1532 939 1552 972 3

93 984 214 1032 nium,
234 984 351 1023 valet:
375 985 404 1024 si
427 985 560 1024 lubido
582 985 767 1036 possidet,
790 998 832 1024 ea
854 985 1086 1034 dominatur,
1109 985 1261 1024 animus
1283 985 1380 1024 nihil
1398 985 1507 1024 valet.

93 1052 230 1090 magna
258 1041 350 1079 mihi
380 1042 491 1092 copia
521 1047 579 1080 est
608 1042 868 1089 memorandi,
891 1047 1022 1092 patres
1046 1042 1277 1093 conscripti,
1308 1041 1374 1092 qui
1396 1053 1509 1092 reges
1532 1053 1553 1084 4

92 1104 207 1147 atque
227 1097 364 1148 populi
384 1098 440 1136 ira
460 1103 526 1136 aut
546 1097 809 1136 misericordia
830 1097 976 1148 inpulsi
997 1098 1095 1137 male
1116 1098 1401 1136 consuluerint.
1442 1098 1511 1137 sed

93 1165 136 1192 ea
163 1153 262 1191 malo
284 1154 433 1200 dicere,
456 1166 553 1204 quae
573 1154 739 1193 maiores
760 1154 883 1193 nostri
904 1159 1039 1194 contra
1070 1154 1286 1194 lubidinem
1306 1154 1426 1193 animi
1447 1154 1509 1193 sui

93 1214 197 1248 recte
226 1215 341 1260 atque
369 1209 507 1249 ordine
535 1210 674 1249 fecere.
722 1210 823 1249 bello
852 1211 1122 1258 Macedonico,
1153 1210 1256 1261 quod
1292 1222 1382 1248 cum
1416 1222 1509 1261 rege
1532 1221 1552 1253 5

93 1265 210 1304 Perse
231 1266 435 1316 gessimus,
456 1266 697 1305 Rhodiorum
719 1266 849 1306 civitas
869 1279 1008 1318 magna
1028 1273 1142 1318 atque
1164 1267 1387 1317 magnifica,
1409 1279 1509 1317 quae

92 1322 228 1372 populi
250 1321 412 1361 Romani
443 1322 583 1373 opibus
613 1328 803 1371 creverat,
825 1323 940 1362 infida
963 1328 1078 1374 atque
1100 1323 1258 1362 advorsa
1289 1322 1401 1362 nobis
1422 1323 1509 1362 suit.

91 1377 157 1416 sed
187 1384 392 1429 postquam
421 1378 522 1416 bello
544 1379 720 1417 confecto
743 1379 788 1417 de
810 1379 970 1417 Rhodiis
993 1379 1214 1417 consultum
1238 1383 1316 1426 est,
1343 1380 1510 1418 maiores

90 1433 236 1480 nostri,
265 1434 405 1485 nequis
426 1434 643 1474 divitiarum
671 1435 793 1486 magis
818 1447 933 1485 quam
955 1435 1119 1474 iniuriae
1141 1447 1254 1473 causa
1280 1434 1425 1474 bellum
1447 1435 1509 1474 in-

91 1496 246 1540 ceptum
267 1490 423 1538 diceret,
446 1490 650 1541 inpunitos
672 1503 738 1529 eos
760 1491 953 1529 dimisere.
994 1491 1085 1529 item
1107 1491 1218 1529 bellis
1240 1490 1400 1529 Punicis
1425 1503 1508 1529 om-
1532 1502 1552 1533 6

90 1546 218 1594 nibus,
239 1558 328 1585 cum
349 1559 464 1597 saepe
482 1547 820 1597 Carthaginienses
841 1552 879 1585 et
899 1547 939 1585 in
960 1558 1055 1598 pace
1079 1552 1116 1585 et
1135 1559 1206 1598 per
1221 1547 1392 1585 indutias
1406 1547 1509 1586 mul-

88 1609 124 1642 ta
154 1602 299 1642 nefaria
320 1603 489 1641 facinora
513 1603 708 1651 fecissent,
730 1615 943 1653 numquam
965 1603 1037 1653 ipsi
1060 1615 1132 1654 per
1153 1604 1398 1642 occasionem
1420 1604 1508 1656 talia

88 1659 238 1707 fecere:
259 1659 381 1710 magis
402 1658 493 1709 quid
515 1671 556 1698 se
578 1658 739 1709 dignum
760 1659 860 1698 foret
880 1671 995 1710 quam
1018 1659 1109 1710 quid
1133 1660 1173 1697 in
1204 1659 1291 1698 illos
1312 1661 1397 1699 iure
1422 1659 1504 1699 fieri

87 1720 221 1766 posset
255 1715 504 1766 quaerebant.
509 1728 531 1765 j
544 1717 618 1754 hoc
659 1715 749 1753 item
789 1715 896 1754 vobis
935 1716 1218 1766 providendum
1259 1722 1336 1763 est,
1377 1724 1507 1767 patres
1531 1727 1550 1758 7

89 1772 321 1823 conscripti,
343 1784 391 1810 ne
413 1771 500 1823 plus
521 1771 626 1822 apud
646 1783 712 1809 vos
733 1771 854 1810 valeat
875 1770 917 1809 P.
939 1771 1096 1810 Lentuli
1119 1777 1155 1810 et
1177 1778 1397 1811 ceterorum
1424 1785 1507 1811 sce-

88 1827 150 1866 lus
178 1839 294 1878 quam
323 1834 449 1866 vostra
478 1827 665 1878 dignitas,
697 1840 773 1865 neu
803 1826 925 1877 magis
955 1827 1034 1866 irae
1063 1833 1211 1866 vostrae
1243 1840 1357 1879 quam
1383 1828 1506 1867 famae

87 1883 312 1922 consulatis.
353 1895 442 1921 nam
471 1883 502 1921 si
532 1884 647 1934 digna
668 1895 794 1934 poena
815 1896 887 1934 pro
908 1883 1018 1922 factis
1040 1896 1174 1922 eorum
1200 1884 1408 1935 reperitur,
1431 1896 1506 1922 no·
1527 1893 1549 1927 8

85 1951 174 1978 vom
195 1938 401 1977 consilium
421 1939 614 1992 adprobo:
637 1939 697 1978 sin
717 1940 941 1990 magnitudo
965 1940 1122 1979 sceleris
1148 1941 1323 1978 omnium
1349 1941 1507 1991 ingenia

87 2001 285 2046 exuperat,
308 1995 363 2033 eis
380 1995 566 2034 utendum
585 2007 725 2034 censeo
743 2008 840 2047 quae
856 1995 1006 2046 legibus
1023 2002 1230 2048 conparata
1247 2002 1349 2035 sunt.
1387 1997 1506 2048 pleri·
1528 2007 1548 2039 9

89 2063 165 2101 que
194 2063 350 2098 eorum,
381 2052 447 2102 qui
476 2057 564 2090 ante
594 2064 656 2090 me
684 2053 894 2091 sententias
925 2053 1126 2101 dixerunt,
1150 2053 1365 2104 composite
1389 2059 1507 2103 atque

87 2107 291 2158 magnifice
321 2119 452 2146 casum
483 2108 538 2147 rei
567 2108 745 2159 publicae
774 2108 943 2148 miserati
965 2115 1070 2148 sunt.
1111 2122 1210 2160 quae
1240 2109 1329 2148 belli
1352 2110 1507 2148 saevitia

89 2169 202 2209 esset,
225 2176 323 2215 quae
343 2163 454 2203 victis
474 2163 705 2208 acciderent,
730 2177 1025 2212 enumeravere;
1047 2165 1131 2216 rapi
1152 2166 1322 2216 virgines
1347 2179 1505 2217 pueI‘OS‚

88 2219 215 2259 divelli
249 2220 392 2259 liberos
427 2233 447 2258 a
481 2226 687 2271 parentum
722 2221 948 2273 complexu,
985 2227 1127 2261 matres
1161 2222 1390 2261 familiarum
1429 2223 1510 2274 pati

178 2343 197 2374 2
224 2341 350 2374 silanus
376 2353 420 2373 ex
445 2341 570 2374 salinus
587 2343 617 2375 P
631 2341 642 2386 ΙΙ
660 2345 677 2376 7
697 2343 787 2385 quod
805 2342 868 2377 PC.
895 2343 949 2387 qni
978 2345 996 2376 3
1017 2342 1029 2386 11
1049 2346 1087 2377 16
1112 2354 1144 2386 p.
1165 2354 1190 2377 e.
1209 2355 1234 2376 s.
1252 2355 1277 2377 s.
1296 2345 1326 2376 P
1340 2343 1352 2387 ΙΙ
1370 2344 1426 2386 qui
1444 2343 1508 2385 PC,

89 2395 174 2428 qnae
196 2397 220 2428 p
247 2388 283 2418 in
306 2396 377 2428 mg.
395 2387 463 2427 lsC,
481 2387 585 2419 Aras.
599 2398 633 2429 p.
650 2387 737 2432 2191
766 2391 805 2422 17
833 2388 1063 2421 consuluerint
1082 2389 1144 2431 PC,
1168 2390 1273 2422 Apus.
1296 2390 1370 2422 cod.
1385 2390 1510 2429 Periz„

90 2431 330 2464 consuluerunt
347 2432 390 2474 V,
413 2433 518 2464 Aras.
536 2432 609 2464 cod.
630 2430 717 2466 Gud.
745 2433 749 2477 Ι
768 2435 808 2467 19
835 2433 965 2466 faecere
991 2444 1035 2465 eat
1053 2433 1161 2467 facere
1183 2433 1239 2478 ΡΗ
1257 2437 1296 2468 21
1324 2438 1425 2476 atque
1443 2434 1508 2476 PC,

90 2478 125 2508 et
147 2486 170 2518 p
194 2478 233 2509 in
255 2486 382 2518 marg„
408 2476 492 2519 ΙὈΗ
514 2478 554 2509 24
577 2477 730 2511 dimisere
754 2490 800 2511 ex
817 2478 927 2511 dicere
948 2480 978 2510 P
993 2477 1004 2521 Η
1022 2480 1064 2512 30
1082 2489 1146 2512 nen
1164 2479 1226 2519 PC,
1253 2490 1338 2512 neue
1356 2478 1418 2513 VC
1433 2478 1445 2522 Η
1464 2482 1502 2513 31

89 2530 199 2563 poena
222 2532 248 2554 s.
262 2533 288 2553 s.
305 2523 336 2554 P
349 2521 360 2565 Η
379 2523 419 2555 32
445 2520 573 2563 ing-initi
587 2523 617 2554 P
631 2521 642 2562 ΙΙ
659 2525 700 2556 33
725 2523 778 2556 his
804 2523 965 2556 utendum
984 2523 1053 2565 VC,
1077 2524 1129 2557 his
1155 2535 1219 2557 om.
1235 2524 1288 2568 ΡΗ
1310 2527 1351 2558 34
1370 2528 1507 2559 senten-

90 2565 171 2598 tiam
197 2566 234 2599 V
246 2565 258 2609 ΙΙ
275 2568 317 2600 36
342 2566 539 2600 accederent
564 2567 593 2599 P
