1709 2885
34 696 71 728 10

35 975 69 1007 15

30 1255 68 1286 20

27 1535 66 1568 25

25 1816 64 1848 30

475 84 528 117 DE
554 83 843 117 CONIURATION
847 83 871 115 E
897 82 1121 116 CATILINAE
1451 79 1503 117 37

99 186 242 226 Marius
263 186 302 224 in
326 187 496 225 exercitu
518 186 697 224 habuisse
719 185 928 224 dicebatur.
970 191 1006 224 at
1027 197 1071 223 ex
1092 184 1209 223 altera
1233 189 1340 234 parte
1363 182 1401 222 C.
1428 184 1505 221 An-
1528 191 1549 222 4

99 242 228 281 tonius
250 242 413 292 pedibus
434 254 567 293 aeger,
589 242 693 291 quod
723 241 870 292 proelio
900 240 1035 279 adesse
1059 240 1260 291 nequibat,
1282 239 1332 278 M.
1355 239 1506 278 Petreio

98 299 220 348 legato
243 299 453 337 exercitum
474 297 672 350 permittit.
714 297 776 336 ille
797 296 967 336 cohortis
988 301 1206 343 veteranas,
1239 308 1333 346 quas
1362 295 1506 334 tumul·
1530 303 1548 334 5

101 361 162 394 tus
183 366 297 392 causa
318 354 612 405 conscripserat,
636 353 675 391 iu
698 354 836 399 fronte,
859 358 947 404 post
967 364 1030 391 eas
1052 358 1223 391 ceterum
1240 352 1450 390 exercitum
1467 352 1506 390 in

99 409 282 448 subsidiis
316 410 428 450 locat.
468 410 550 461 ipse
583 421 683 459 equo
721 409 953 448 circumiens
987 421 1107 446 unum
1147 420 1341 459 quemque
1383 408 1506 445 nomi-

100 479 197 505 nans
225 467 393 517 appellat
421 467 615 513 hortatur,
647 470 756 515 rogat
785 470 827 504 ut
853 464 1100 504 meminerint
1121 476 1161 503 se
1184 471 1316 502 contra
1339 463 1508 501 latrones

99 522 257 561 inermis
287 535 357 572 pro
387 522 507 572 patria
537 534 607 572 pro
637 521 769 559 liberis
800 534 871 572 pro
898 521 972 559 aris
993 526 1107 571 atque
1131 520 1225 558 focis
1242 520 1323 558 suis
1349 527 1507 558 certare.

98 578 214 616 homo
236 578 429 625 militaris,
452 578 553 629 quod
575 577 740 627 amplius
761 590 884 616 annos
906 577 1060 626 triginta
1091 576 1272 615 tribunus
1302 582 1368 614 aut
1396 587 1508 626 prae·
1530 581 1549 612 6

99 634 222 673 fectus
244 641 309 673 aut
328 635 476 685 legatus
496 640 561 673 aut
582 638 738 684 praetor
758 645 845 671 cum
869 645 1004 683 magna
1025 632 1145 683 gloria
1168 633 1206 670 in
1229 631 1399 671 exercitu
1425 631 1508 669 fue-

98 695 176 735 rat,
208 690 415 741 plerosque
436 690 541 740 ipsos
571 690 744 739 factaque
766 701 898 727 eorum
929 690 1041 728 fortia
1071 694 1246 727 noverat:
1280 701 1322 727 ea
1353 700 1509 726 conme-

98 746 283 785 morando
307 746 470 785 militum
492 746 640 784 animos
661 745 906 784 accendebat.

211 802 286 841 Sed
321 802 383 841 ubi
421 801 602 840 omnibus
638 801 753 840 rebus
790 801 996 852 exploratis
1028 800 1203 839 Petreius
1234 799 1323 838 tuba
1353 798 1508 848 signum
1533 802 1583 837 60

98 858 172 906 dat,
195 859 364 896 cohortis
388 858 567 909 paulatim
589 858 767 896 incedere
789 857 906 896 iubet.
948 857 1049 895 idem
1071 856 1160 895 facit
1174 855 1345 895 hostium
1363 855 1508 893 exerci-

97 918 171 952 tus.
195 920 399 965 postquam
417 926 461 952 eo
479 920 634 953 ventum
651 921 720 961 est,
739 914 842 953 unde
860 926 879 951 a
896 913 1114 952 ferentariis
1125 912 1317 963 proelium
1335 910 1508 950 conmitti
1532 918 1551 949 2

98 975 249 1021 posset,
280 982 458 1009 maxumo
490 970 656 1008 clamore
686 982 773 1008 cum
803 969 952 1008 infestis
984 969 1104 1018 signis
1135 972 1397 1007 concurrunt:
1433 966 1508 1018 pila

98 1026 300 1075 omittunt,
322 1026 457 1077 gladiis
479 1039 540 1065 res
563 1027 722 1077 geritur.
764 1026 931 1065 veterani
963 1025 1148 1076 pristinae
1178 1024 1330 1063 virtutis
1363 1035 1508 1061 meino·
1532 1030 1550 1061 3

97 1094 158 1122 res
188 1083 405 1121 comminus
435 1083 573 1122 acriter
602 1082 768 1129 instare,
799 1081 852 1120 illi
883 1082 983 1120 haud
1020 1081 1143 1119 timidi
1179 1080 1385 1119 resistunt:
1428 1092 1508 1117 ma-

96 1150 210 1177 xuma
240 1139 274 1177 vi
304 1144 484 1177 certatur.
526 1140 671 1177 interea
695 1137 855 1177 Catilina
880 1150 966 1176 cum
991 1137 1177 1188 expeditis
1209 1138 1247 1175 in
1279 1136 1402 1188 prima
1429 1136 1510 1174 acie
1533 1142 1553 1173 4

95 1195 239 1233 vorsari
253 1225 262 1241 ,
283 1194 546 1233 laborantibus
569 1207 819 1241 succurrere,
842 1194 1014 1244 integros
1036 1206 1107 1245 pro
1129 1193 1270 1232 sauciis
1301 1204 1509 1239 arcessere,

98 1250 226 1289 onmia
243 1251 456 1301 providere,
473 1251 636 1289 multum
654 1251 737 1301 ipse
753 1262 941 1301 pugnare,
960 1263 1074 1301 saepe
1093 1251 1241 1288 hostem
1259 1248 1394 1288 ferire:
1414 1254 1509 1286 stre—

98 1306 167 1345 nui
188 1306 317 1344 militis
339 1313 376 1345 et
395 1306 488 1345 boni
510 1307 752 1357 imperatoris
774 1306 899 1344 officia
920 1306 1034 1344 simul
1060 1305 1335 1356 exequebatur.
1376 1304 1508 1343 Petre—
1535 1311 1552 1342 5

97 1362 170 1409 ius,
200 1362 267 1400 ubi
298 1362 395 1401 videt
426 1362 625 1401 Catilinam
656 1367 790 1401 contra
820 1374 863 1401 ac
884 1368 988 1401 ratus
1012 1368 1090 1400 erat
1119 1373 1256 1411 magna
1277 1361 1312 1398 vi
1340 1360 1511 1407 tendere,

97 1418 292 1456 cohortem
316 1419 547 1469 praetoriam
568 1419 607 1457 in
630 1418 776 1457 medios
800 1418 922 1456 hostis
955 1418 1103 1457 inducit
1133 1430 1277 1467 eosque
1307 1416 1511 1467 perturba-

96 1480 154 1512 tos
183 1479 299 1524 atque
328 1473 422 1512 alios
452 1475 539 1513 alibi
571 1475 793 1513 resistentes
824 1474 1016 1512 interficit.
1073 1473 1210 1512 deinde
1241 1473 1435 1522 utrimque
1466 1484 1511 1509 ex

94 1529 277 1578 lateribus
308 1535 456 1568 ceteros
487 1530 720 1581 aggreditur.
775 1529 940 1568 Manlius
971 1534 1008 1568 et
1036 1529 1273 1568 Faesulanus
1306 1529 1344 1566 in
1376 1527 1511 1578 primis
1534 1534 1554 1565 6

95 1592 313 1637 pugnantes
343 1585 497 1624 cadunt.
550 1586 708 1625 Catilina
739 1591 944 1636 postquam
973 1586 1078 1624 fusas
1111 1585 1242 1636 copias
1272 1596 1392 1634 seque
1423 1596 1510 1622 cum
1543 1599 1549 1620 a

67 1641 71 1643 ’
92 1642 228 1693 paucis
247 1642 425 1681 relictum
446 1642 558 1689 videt,
581 1654 730 1680 memor
752 1642 905 1693 generis
927 1647 1041 1693 atque
1063 1641 1249 1692 pristinae
1276 1652 1367 1679 suae
1385 1640 1511 1690 digni-

93 1698 180 1737 tatis
202 1698 240 1736 in
277 1698 596 1737 confertissumos
630 1699 752 1736 hostis
787 1698 952 1736 incurrit
986 1698 1117 1748 ibique
1156 1709 1336 1748 pugnans
1375 1696 1511 1735 confo-

93 1754 208 1793 ditur.

205 1810 280 1849 Sed
315 1810 492 1849 confecto
528 1809 676 1860 proelio
713 1815 794 1847 tum
824 1820 914 1846 vero
946 1821 1148 1856 cerneres,
1181 1814 1323 1859 quanta
1354 1808 1510 1846 audacia
1533 1808 1580 1844 61

94 1871 314 1917 quantaque
348 1865 465 1904 animi
500 1865 554 1903 vis
591 1866 725 1904 fuisset
767 1864 806 1903 in
844 1865 1013 1904 exercitu
1051 1864 1246 1903 Catilinae.
1307 1876 1393 1902 nam
1430 1865 1510 1902 fere
1535 1868 1554 1900 2

94 1934 208 1973 quem
231 1921 397 1971 quisque
424 1921 528 1959 vivos
550 1921 760 1972 pugnando
782 1920 910 1959 locum
932 1928 1097 1972 ceperat,
1121 1933 1210 1959 eum
1230 1920 1366 1959 amissa
1387 1920 1511 1958 anima
1536 1925 1554 1957 3

93 1989 258 2028 corpore
280 1977 443 2026 tegebat.
485 1977 598 2027 pauci
619 1984 759 2024 autem,
784 1989 881 2028 quos
903 1977 1049 2015 medios
1068 1977 1207 2015 cohors
1224 1977 1416 2027 praetoria
1436 1976 1512 2015 dis-

93 2033 256 2079 iecerat,
278 2032 395 2084 paulo
427 2032 617 2071 divorsius
650 2033 715 2072 sed
750 2045 884 2072 omnes
920 2039 1047 2072 tamen
1082 2033 1252 2072 advorsis
1288 2032 1512 2071 volneribus

181 2177 199 2208 3
225 2177 320 2207 inter
344 2175 509 2217 permittit
534 2179 567 2207 et
582 2175 639 2208 ille
657 2177 694 2207 in
711 2177 741 2208 P
762 2178 939 2208 iterantur
957 2177 1060 2208 verba
1077 2175 1134 2208 ille
1152 2176 1307 2208 cohortes
1325 2187 1356 2209 u.
1369 2187 1398 2218 q.
1414 2179 1434 2208 t.
1448 2186 1474 2208 c.
1487 2185 1513 2208 c,

89 2222 109 2255 i.
125 2221 147 2254 s.
163 2232 197 2264 p.
224 2231 282 2253 eos
308 2221 389 2260 (sic)
416 2220 597 2254 exercitum
622 2221 798 2264 permittit,
824 2222 950 2253 delevit
965 2231 1090 2253 manus
1101 2222 1221 2262 prima
1238 2220 1249 2264 11
1270 2221 1433 2253 tumultus
1451 2219 1513 2261 PC,

90 2268 161 2298 nisi
182 2265 281 2308 quod
296 2276 388 2297 unus
414 2265 574 2308 tumultiss
595 2267 613 2299 6
639 2269 754 2299 contra
768 2285 830 2297 .....
845 2266 994 2299 latrones
1017 2266 1185 2298 inhermos
1202 2264 1258 2308 ΡΗ
1276 2266 1418 2298 inermes
1440 2264 1516 2305 ΟῩΙῙ

40 2335 42 2339 ,
92 2314 130 2344 14
157 2321 175 2343 a
201 2310 390 2343 ferentariis
418 2309 451 2350 C,
484 2309 574 2342 Non.
601 2321 634 2352 p.
663 2311 747 2349 554,
780 2321 797 2344 a
823 2322 888 2344 om.
916 2310 971 2343 PC
984 2309 996 2354 11
1019 2312 1058 2344 15
1083 2313 1199 2353 posset
1226 2310 1292 2352 Cp,
1326 2309 1434 2353 possit
1462 2308 1518 2342 PC

87 2355 98 2399 11
126 2358 163 2389 17
191 2354 378 2388 comminus
410 2365 454 2386 ωε
486 2355 660 2388 comminis
684 2357 714 2388 P
734 2355 745 2399 11
778 2358 814 2389 18
841 2356 874 2389 ui
907 2358 1053 2388 certatur
1087 2367 1130 2387 ex
1165 2355 1289 2388 uirtute
1320 2355 1373 2398 Ρ11
1396 2356 1434 2388 19
1460 2364 1510 2386 ar—

71 2410 218 2434 ·cessere
251 2401 281 2432 P
309 2401 368 2440 (ew
401 2401 584 2440 areescere)
620 2399 660 2441 C,
695 2410 865 2434 accersere
894 2400 1005 2442 01122
1040 2401 1073 2433 ui
1098 2399 1235 2433 tendere
1260 2399 1331 2441 PC,
1369 2400 1401 2432 ui
1429 2409 1508 2432 con-

88 2445 222 2478 tendere
250 2443 362 2487 01125
389 2443 579 2477 sessulanus
602 2443 716 2488 Ρ1126
742 2446 877 2478 catilina
907 2455 972 2478 om.
995 2444 1058 2486 PC,
1088 2456 1113 2477 ε.
1142 2445 1200 2477 lin.
1221 2449 1301 2486 post
1324 2447 1504 2487 postquam

87 2491 141 2523 vel
164 2493 244 2533 post
271 2488 364 2522 uidet
392 2489 447 2520 vel
470 2491 506 2520 in
531 2499 642 2531 marg.
669 2490 805 2522 addunt
830 2490 881 2535 011
901 2492 941 2523 27
968 2489 1121 2522 relictum
1155 2501 1199 2521 ea:
1223 2489 1366 2532 reliqum
1390 2487 1505 2532 Ρ1133

86 2535 249 2578 praeteria
275 2535 304 2566 P
