1709 2885
185 89 238 130 68
683 92 716 126 G.
736 91 939 125 SALLUSTI
964 91 1099 126 CRISPI

185 201 358 235 ceterum
379 196 419 234 re
439 195 584 235 bellum
605 207 875 247 asperrumum
897 202 988 242 erat,
1011 194 1103 234 urbs
1123 207 1298 234 maxuma
1313 196 1487 242 alienata,
1503 209 1597 249 ager

187 251 363 291 hostibus
385 252 578 302 cognitus,
600 251 717 291 animi
738 251 985 303 popularium
1006 252 1192 302 temptati,
1209 260 1366 292 coactus
1380 265 1512 292 rerum
1530 267 1598 294 ne-

143 315 163 347 2
187 307 422 348 cessitudine
442 308 571 348 statuit
592 309 708 348 armis
729 314 888 347 certare.
930 308 1048 359 igitur
1063 307 1259 359 explorato
1276 309 1446 348 hostium
1461 309 1598 350 itinere

189 365 226 403 in
249 375 357 415 spem
379 365 558 404 victoriae
579 365 768 404 adductus
790 376 834 404 ex
857 365 1144 416 opportunitate
1165 365 1252 412 loci,
1269 375 1383 416 quam
1403 378 1599 406 maxumas

188 425 315 472 potest
343 421 473 472 copias
504 422 677 460 omnium
709 433 896 472 generum
928 427 1034 472 parat
1064 433 1106 459 ac
1136 432 1205 472 per
1225 421 1396 461 tramites
1425 422 1600 462 occultos

144 483 163 516 3
189 476 397 516 exercitum
414 477 555 516 Metelli
576 478 781 516 antevenit.
824 483 907 516 erat
927 478 965 516 in
981 490 1022 516 ea
1039 484 1146 528 parte
1162 477 1374 526 Numidiae,
1393 491 1506 530 quam
1524 479 1600 518 Ad-

188 532 321 572 herbal
342 534 379 572 in
404 533 589 573 divisione
620 533 866 585 possederat,
897 534 1039 573 flumen
1064 535 1194 572 oriens
1215 546 1235 572 a
1256 534 1416 574 meridie
1442 535 1600 575 nomine

186 589 359 637 Muthul,
391 602 410 628 a
444 602 521 641 quo
543 590 673 629 aberat
701 602 814 628 mons
840 590 958 630 ferme
980 590 1080 629 milia
1105 602 1288 641 passuum
1319 591 1451 641 viginti
1474 598 1598 631 tractu

187 646 282 695 pari,
299 652 427 685 vastus
442 646 489 685 ab
506 653 642 685 natura
658 652 695 685 et
710 646 878 686 humano
896 647 1015 685 cultu.
1041 648 1106 686 sed
1125 660 1168 685 ex
1187 659 1230 685 eo
1248 646 1373 685 medio
1391 649 1499 698 quasi
1519 648 1598 687 col-

186 701 232 740 lis
253 701 462 750 oriebatur,
486 703 524 741 in
549 704 768 742 inmensum
789 704 1028 754 pertingens,
1052 704 1209 742 vestitus
1232 703 1396 742 oleastro
1418 716 1462 743 ac
1490 716 1598 743 mur-

187 758 276 797 tetis
296 758 458 809 aliisque
475 759 684 808 generibus
699 759 894 811 arborum,
915 772 1011 811 quae
1028 760 1135 798 hutni
1152 759 1258 798 arido
1275 766 1391 810 atque
1408 760 1600 800 harenoso

143 822 163 853 4
187 814 415 865 gignuntur.
457 816 580 854 media
601 822 730 855 autem
750 815 929 866 planities
952 816 1101 855 deserta
1122 817 1285 867 penuria
1306 828 1427 866 aquae
1449 823 1602 868 praeter

186 871 337 910 flumini
357 872 580 923 propinqua
600 872 706 911 loca:
730 884 772 911 ea
795 872 943 911 consita
964 872 1130 911 arbustis
1152 885 1292 923 pecore
1308 877 1423 923 atque
1441 873 1601 912 cultori-

111 929 162 967 49
187 927 259 966 bus
279 928 637 978 frequentabantur.
679 929 797 978 igitur
818 929 859 972 in
880 941 924 967 eo
947 928 1056 976 colle,
1079 941 1193 979 quem
1216 936 1436 968 transvorso
1461 930 1600 969 itinere

187 990 410 1036 porrectum
432 984 657 1032 docuimus,
679 985 864 1036 Iugurtha
886 991 1086 1024 extenuata
1107 997 1266 1024 suorum
1297 985 1377 1024 acie
1412 986 1599 1034 consedit,

186 1040 400 1091 elephantis
432 1048 470 1080 et
496 1042 594 1092 parti
632 1041 830 1093 copiarum
868 1041 1105 1092 pedestrium
1135 1041 1387 1080 Bomilcarem
1418 1042 1603 1092 praefecit

187 1109 355 1148 eumque
385 1097 519 1136 edocet
542 1110 640 1149 quae
669 1103 812 1148 ageret.
862 1098 944 1149 ipse
975 1097 1136 1148 propior
1163 1104 1334 1136 montem
1371 1110 1459 1137 cum
1496 1097 1603 1137 omni

145 1160 163 1192 2
188 1153 360 1204 equitatu
384 1161 420 1192 et
440 1154 635 1205 peditibus
651 1154 808 1193 delectis
825 1167 917 1193 suos
934 1154 1122 1192 conlocat.
1164 1153 1252 1192 dein
1267 1154 1441 1204 singulas
1455 1160 1601 1194 turmas

188 1215 223 1248 et
256 1209 476 1261 manipulos
506 1210 740 1249 circumiens
769 1216 901 1248 monet
931 1216 1044 1261 atque
1074 1209 1289 1248 obtestatur
1324 1210 1380 1257 uti
1409 1222 1601 1250 memores

186 1266 373 1317 pristinae
395 1266 547 1306 virtutis
569 1273 605 1305 et
626 1266 807 1305 victoriae
828 1278 913 1305 sese.
934 1278 1178 1317 regnumque
1199 1278 1312 1305 suum
1336 1266 1382 1304 ab
1404 1265 1600 1306 Romano·
1629 1276 1638 1283 ·

185 1334 272 1361 rum
294 1322 448 1361 avaritia
470 1323 696 1362 defendant:
722 1335 809 1361 cum
832 1322 885 1362 eis
907 1330 1101 1362 certamen
1123 1322 1219 1367 fore,
1242 1335 1340 1373 quos
1354 1329 1464 1362 antea
1480 1324 1602 1364 victos

186 1378 259 1417 sub
281 1378 416 1428 iugum
442 1379 639 1427 miserint;
671 1379 807 1418 ducem
831 1379 927 1427 illis,
960 1391 1039 1418 non
1061 1379 1231 1418 animum
1255 1385 1465 1426 mutatum;
1504 1393 1602 1431 quae

186 1435 232 1474 ab
255 1435 488 1486 imperatore
510 1436 711 1475 decuerint
733 1435 862 1474 omnia
881 1436 962 1474 suis
983 1436 1156 1487 provisa,
1189 1435 1314 1474 locum
1345 1436 1602 1487 superiorem,

188 1498 231 1530 ut
250 1492 464 1542 prudentes
486 1504 573 1530 cum
596 1491 789 1543 inperitis,
807 1504 855 1530 ne
877 1493 1080 1543 pauciores
1097 1504 1184 1531 cum
1206 1491 1385 1542 pluribus
1401 1499 1471 1531 aut
1486 1493 1603 1533 rudes
1664 1523 1666 1526 ψ

144 1555 164 1587 3
189 1559 277 1587 cum
298 1547 389 1586 belli
410 1547 637 1586 melioribus
657 1560 815 1586 manum
837 1554 1108 1587 consererent:
1131 1548 1296 1598 proinde
1324 1549 1445 1600 parati
1475 1550 1603 1589 inten-

186 1604 294 1655 tique
315 1611 445 1643 essent
465 1604 577 1655 signo
599 1604 686 1642 dato
703 1604 899 1644 Romanos
920 1604 1118 1651 invadere;
1142 1604 1248 1642 illum
1270 1604 1370 1643 diem
1391 1611 1457 1644 aut
1478 1606 1605 1646 omnis

187 1660 338 1699 labores
360 1666 397 1699 et
416 1660 594 1699 victorias
615 1661 935 1699 confirmaturum
955 1668 1021 1699 aut
1042 1672 1306 1699 maxumarum
1330 1669 1604 1702 aerumnarum

146 1724 164 1755 4
188 1716 341 1755 initium
371 1717 466 1755 fore.
508 1716 554 1755 ad
585 1717 659 1755 hoc
688 1717 851 1764 viritim,
882 1717 937 1755 uti
967 1729 1161 1768 quemque
1190 1715 1238 1755 ob
1268 1717 1433 1757 militare
1454 1712 1604 1758 facinus

188 1773 354 1824 pecunia
376 1779 441 1811 aut
461 1773 611 1811 honore
632 1772 831 1820 extulerat,
854 1773 1174 1812 conmonefacere
1194 1773 1347 1813 beuiflei
1370 1774 1430 1813 sui
1451 1781 1489 1814 et
1515 1787 1603 1814 eum

189 1829 316 1880 ipsum
339 1829 423 1868 aliis
445 1834 653 1875 ostentare,
675 1834 873 1880 postremo
895 1841 967 1881 pro
989 1830 1180 1880 cuiusque
1200 1830 1358 1881 ingenio
1383 1830 1603 1881 pollicendo

189 1885 403 1924 minitando
438 1885 665 1925 obtestando
701 1885 818 1925 alium
854 1885 927 1924 alio
962 1885 1077 1924 modo
1113 1886 1297 1925 excitare:
1331 1899 1418 1926 cum
1449 1887 1604 1927 interim

191 1941 390 1989 Metellus,
412 1942 571 1992 ignarus
591 1942 782 1990 hostium,
805 1948 936 1981 monte
954 1941 1180 1993 degrediens
1202 1955 1289 1981 cum
1315 1943 1484 1983 exercitu
1510 1956 1605 1984 con-

147 2006 165 2037 5
190 1998 372 2049 spicatur,
394 1998 521 2049 primo
543 1998 685 2037 dubius
707 1998 891 2049 quidnam
913 1999 1068 2038 insolita
1089 1998 1205 2038 facies
1220 1999 1605 2039 ostenderet—nam

190 2055 291 2092 inter
306 2054 469 2105 virgulta
485 2055 572 2105 equi
589 2054 857 2106 Numidaeque
874 2055 1131 2094 consederant
1147 2068 1274 2106 neque
1291 2055 1406 2107 plane
1425 2056 1604 2096 occultati

282 2167 299 2198 2
318 2165 475 2208 cognitus
497 2176 532 2208 p,
558 2170 723 2208 cognotus
743 2165 794 2208 ΡΗ
814 2167 832 2199 8
858 2166 948 2198 milia
973 2176 1132 2209 passuum
1158 2177 1199 2198 xx
1224 2166 1287 2207 PC,
1311 2165 1450 2198 Nonius
1471 2177 1504 2209 p.
1529 2167 1604 2207 135,

191 2210 282 2243 milia
308 2221 348 2243 xx
375 2221 533 2253 passuum
560 2210 594 2245 C.
619 2220 776 2253 passuum
802 2221 866 2243 om.
896 2211 1128 2253 Arns.p.215
1148 2211 1160 2254 [1
1181 2213 1214 2244 11
1244 2211 1333 2244 humi
1358 2214 1416 2252 (σε
1440 2211 1541 2244 humo
1566 2212 1606 2251 P)

191 2255 282 2289 arido
301 2259 401 2298 atque
419 2266 560 2289 arenoso
578 2256 756 2296 (harenoso
776 2257 848 2288 cod.
866 2257 976 2289 Pet-iz.
993 2258 1109 2298 Avus„
1135 2266 1276 2289 oneroso
1294 2257 1403 2289 eiusd.
1423 2256 1524 2297 Gud.)
1542 2256 1605 2296 PC,

193 2302 298 2334 Prisc.
315 2300 381 2333 vol.
398 2300 433 2333 II
441 2312 475 2344 p.
493 2301 559 2334 ‚377
576 2301 680 2333 Aras.
692 2311 725 2343 p.
740 2300 817 2341 234,
835 2301 936 2334 humo
953 2301 1043 2335 arida
1061 2306 1162 2344 atque
1180 2311 1318 2335 arenosa
1333 2301 1361 2335 C
1373 2301 1384 2344 ΙΙ
1407 2303 1446 2334 12
1465 2302 1607 2344 gignun-

191 2350 245 2378 tur
260 2345 325 2387 PC,
350 2346 646 2379 naseunturAms.
663 2345 675 2390 ΙΙ
699 2347 736 2378 13
756 2346 900 2380 fluminis
914 2358 937 2389 p
957 2346 968 2390 ΙΙ
988 2348 1026 2379 14
1052 2347 1217 2386 εοΙροοΙΙε
1234 2347 1265 2379 Ρ
1278 2346 1290 2388 ΙΙ
1310 2348 1347 2379 15
1373 2346 1529 2388 iugurtha
1551 2356 1608 2380 ex-

194 2395 328 2423 tenuata
354 2401 488 2423 suorum
513 2391 584 2424 acie
609 2395 756 2424 montem
781 2391 902 2424 insedit
920 2393 1026 2424 Prisc.
1041 2393 1106 2425 vol.
1125 2392 1163 2424 II
1173 2404 1207 2434 p.
1223 2390 1287 2425 321
1308 2390 1319 2434 ΙΙ
1340 2393 1376 2424 1ἵ
1397 2392 1556 2434 ρτορείοι·
1579 2394 1608 2432 (r
1666 2394 1668 2398 ’

192 2437 297 2476 er.)P
311 2435 322 2479 ΙΙ
342 2437 381 2469 18
407 2436 482 2469 dein
507 2436 656 2479 singulas
676 2447 712 2478 p,
737 2435 907 2470 deinsulas
923 2437 976 2479 ΡΗ
997 2438 1037 2471 25
1063 2437 1143 2470 belli
1160 2437 1223 2478 PC,
1245 2437 1349 2469 Amas.
1366 2447 1399 2478 p.
1414 2436 1490 2478 246,
1515 2437 1606 2470 bello
1664 2471 1666 2473 ,

195 2480 246 2525 Cn
266 2482 307 2514 30
332 2492 391 2524 pro
408 2493 439 2523 z,
463 2492 528 2514 om.
549 2481 605 2514 PC
620 2481 632 2525 ΙΙ
649 2484 686 2516 31
715 2481 917 2516 obtestando
943 2493 987 2514 eac
1008 2481 1231 2516 obstentando
1255 2482 1284 2514 P
1298 2480 1310 2524 ss
1327 2483 1368 2515 32
1394 2482 1607 2525 conspicatur
1657 2488 1661 2496 ⁴

195 2526 285 2559 Don.
311 2528 346 2558 in
368 2525 444 2559 Ter.
463 2527 554 2559 Eun.
573 2526 641 2560 383
663 2527 770 2559 Prisc.
791 2527 856 2559 vol.
881 2528 899 2559 I
917 2538 951 2570 p.
971 2528 1037 2561 436
1061 2527 1123 2568 (ef.
1148 2525 1319 2560 ludificare
1344 2528 1394 2559 ln's
1414 2537 1486 2569 pos.
1512 2527 1567 2568 36,
1584 2527 1607 2560 2
1668 2545 1674 2557 11

192 2570 246 2611 50,
272 2571 320 2605 4).
346 2572 550 2613 ronspicitur
576 2572 629 2603 PF
