1709 2885
163 95 218 134 34
670 97 704 131 C.
723 96 926 131 SALLUSTI
951 96 1087 130 CR18P1

163 200 282 251 gilare
295 231 304 247 ,
327 200 493 251 negotiis
513 200 726 240 amicorum
747 200 920 239 intentus
941 211 1010 239 sua
1032 201 1257 252 neglegere,
1275 201 1372 240 nihil
1392 202 1584 254 denegare

166 257 269 307 quod
292 256 394 294 dono
416 256 578 308 dignum
601 263 722 303 esset,
745 255 816 295 sibi
838 267 1021 306 magnum
1042 256 1247 308 imperium
1269 258 1479 297 exercitum
1500 258 1583 298 bel-

122 321 141 352 5
163 311 243 351 lum
275 324 415 351 novom
444 312 669 364 exoptabat,
702 312 767 351 ubi
806 313 926 351 virtus
957 312 1171 352 enitescere
1199 320 1343 364 posset.
1384 320 1420 353 at
1450 314 1582 354 Catoni

121 375 141 407 ὃ
165 368 334 407 studium
364 368 574 408 modestiae
604 369 778 416 decoris,
808 368 875 407 sed
903 380 1081 408 maxume
1119 369 1330 409 severitatis
1362 377 1453 410 erat.
1504 383 1582 409 non

165 424 305 463 divitiis
333 436 422 463 cum
443 425 557 464 divite
595 437 723 476 neque
754 424 920 463 factione
949 437 1036 464 cum
1065 426 1246 473 factioso,
1277 426 1344 465 sed
1373 439 1462 466 cum
1483 433 1583 466 stre·
1612 434 1631 466 5

164 492 243 519 nuo
281 480 421 520 virtute
460 494 548 520 cum
587 482 760 520 modesto
799 480 949 531 pudore
987 493 1075 520 cum
1113 482 1323 521 innocente
1352 482 1585 522 abstinentia

164 536 354 583 certabat,
377 549 462 576 esse
492 549 605 588 quam
638 537 754 575 videri
784 536 911 575 bonus
940 537 1122 576 malebat:
1147 539 1197 577 ita
1228 551 1304 589 quo
1327 539 1456 578 minus
1476 545 1585 591 pete—

162 592 226 632 bat
248 592 430 643 gloriam,
454 607 499 633 eo
520 593 641 644 magis
662 593 769 631 illum
791 593 1038 644 sequebatur.

91 653 140 688 55
277 648 485 700 Postquam
499 681 509 697 ,
532 656 574 688 ut
595 649 691 696 dixi,
722 655 879 688 senatus
900 650 939 688 in
963 649 1117 688 Catonis
1143 651 1373 690 sententiam
1395 650 1584 696 discessit,

165 705 302 744 consul
333 711 537 757 optumum
569 706 670 744 sactu
702 711 807 745 ratus
836 711 989 744 noctem
1020 717 1118 756 quae
1147 706 1313 745 instabat
1341 712 1584 758 antecapere,
1618 710 1682 745 ιο·

166 762 311 812 nequid
334 774 378 800 eo
401 763 525 813 spatio
548 767 777 810 novaretur,
797 762 1020 800 triumviros
1042 774 1139 812 quae
1161 763 1233 812 [adl
1255 763 1493 814 supplicium
1515 774 1587 814 po-

123 824 141 856 2
165 818 331 858 stulabat
352 830 488 869 parare
511 818 635 863 iubet,
659 818 741 868 ipse
762 818 964 868 praesidiis
986 818 1183 869 dispositis
1204 819 1413 859 Lentulum
1441 820 1481 858 in
1504 830 1587 858 car-

123 881 142 913 3
166 886 294 913 cerem
317 874 484 913 deducit.
527 874 626 913 idem
648 874 689 913 fit
710 874 848 913 ceteris
869 886 940 925 per
959 881 1172 925 praetores.
1213 881 1271 914 est
1291 876 1329 914 in
1353 887 1508 914 carcere
1529 874 1587 913 lo-

166 943 236 970 cus
258 930 362 981 quod
383 930 605 970 Tullianum
627 930 865 982 appellatur,
891 930 955 968 ubi
977 931 1179 981 paululum
1202 931 1422 970 ascenderis
1443 931 1488 970 ad
1511 931 1587 970 lae-

123 994 143 1025 4
166 999 272 1034 vam,
304 987 459 1025 circiter
487 986 690 1025 duodecim
730 987 849 1037 pedes
881 987 988 1025 humi
1018 987 1238 1038 depressus.
1289 1000 1376 1026 eum
1405 987 1589 1026 muniunt
1621 993 1657 1025 15

167 1043 340 1094 undique
357 1043 524 1094 parietes
541 1050 656 1094 atque
678 1044 841 1094 insuper
857 1054 1006 1082 camera
1027 1043 1187 1094 lapideis
1208 1043 1425 1083 fornicibus
1442 1044 1585 1090 iuncta,

167 1099 234 1138 sed
265 1099 416 1138 incultu
437 1099 608 1139 tenebris
637 1099 756 1138 odore
777 1100 886 1138 foeda
909 1105 1023 1149 atque
1054 1099 1238 1139 terribilis
1269 1100 1352 1138 eius
1379 1100 1496 1139 facies
1518 1104 1588 1138 est.

125 1163 144 1194 5
168 1155 208 1194 in
231 1168 320 1195 eum
343 1155 470 1194 locum
492 1162 697 1206 postquam
720 1155 910 1194 demissus
941 1162 998 1194 est
1016 1155 1229 1202 Lentulus,
1260 1156 1432 1194 vindices
1457 1167 1589 1194 rerum
1624 1191 1627 1198 ,

125 1218 144 1250 6
169 1211 412 1262 capitalium,
443 1212 586 1263 quibus
615 1218 865 1262 praeceptum
896 1217 995 1257 erat,
1018 1211 1156 1262 laqueo
1185 1211 1315 1262 gulam
1336 1211 1501 1262 fregere.
1541 1212 1590 1250 ita

167 1267 231 1307 ille
259 1269 446 1319 patricius
481 1280 526 1307 ex
559 1274 674 1318 gente
713 1267 938 1306 clarissuma
970 1267 1261 1314 Corneliorum,
1291 1267 1357 1318 qui
1386 1267 1591 1307 consulare
1618 1274 1659 1307 20

170 1324 378 1375 imperium
408 1323 553 1362 Romae
574 1324 781 1371 habuerat,
813 1323 973 1374 dignum
995 1323 1170 1363 moribus
1199 1323 1387 1375 factisque
1408 1324 1489 1362 suis
1511 1324 1591 1363 exi·
1694 1323 1695 1326 ’

170 1381 267 1420 tium
304 1381 402 1419 vitae
441 1379 601 1418 invenit.
659 1380 706 1418 de
737 1379 906 1430 Cethego
936 1379 1084 1418 Statilio
1117 1379 1280 1419 Gabinio
1312 1379 1494 1431 Caepario
1525 1393 1590 1419 eo-

171 1437 256 1476 dem
279 1436 394 1475 modo
417 1436 654 1487 supplicium
676 1442 874 1487 sumptum
897 1442 965 1474 est.

95 1495 146 1531 56
281 1493 382 1531 Dum
404 1504 446 1531 ea
468 1492 612 1531 Romae
643 1499 854 1542 geruntur,
878 1491 1038 1531 Catilina
1060 1504 1105 1530 ex
1135 1493 1241 1530 omni
1264 1492 1394 1543 copia,
1419 1504 1533 1543 quam
1555 1499 1593 1531 et

126 1555 144 1587 2
168 1549 253 1600 ipse
275 1548 485 1587 adduxerat
514 1554 550 1586 et
572 1547 737 1587 Manlius
767 1548 972 1595 habuerat,
995 1548 1089 1586 duas
1118 1548 1290 1598 legiones
1320 1549 1506 1597 instituit,
1528 1560 1593 1588 co-
1623 1555 1661 1587 25

168 1605 293 1644 hortis
315 1617 385 1656 pro
408 1616 572 1643 numero
593 1604 759 1643 militum
791 1604 982 1655 complet,
1013 1604 1172 1651 deinde,
1207 1610 1248 1642 ut
1270 1604 1435 1655 quisque
1457 1606 1594 1644 volun-

169 1661 291 1701 tarius
311 1668 377 1700 aut
406 1673 451 1699 ex
473 1661 588 1699 sociis
610 1662 649 1699 in
681 1666 801 1699 castra
833 1666 1008 1704 venerat,
1031 1660 1241 1710 aequaliter
1261 1661 1529 1708 distribuerat,
1551 1673 1594 1700 ac

169 1718 274 1757 brevi
306 1717 430 1768 spatio
460 1717 635 1767 legiones
667 1728 830 1755 numero
867 1716 1068 1754 hominum
1100 1715 1334 1764 expleverat,
1366 1729 1454 1756 cum
1483 1717 1594 1756 initio

128 1780 146 1811 3
170 1786 250 1813 non
267 1773 432 1824 amplius
454 1773 606 1812 duobus
626 1772 783 1811 milibus
797 1772 1007 1811 habuisset.
1049 1772 1115 1811 sed
1132 1785 1177 1811 ex
1193 1773 1298 1811 omni
1316 1774 1425 1825 copia
1442 1773 1596 1812 circiter

170 1842 261 1882 pars
283 1836 418 1881 quarta
440 1835 522 1868 erat
542 1828 772 1868 militaribus
794 1828 909 1867 armis
931 1828 1141 1876 instructa,
1174 1829 1311 1877 ceteri,
1334 1836 1377 1869 ut
1397 1841 1594 1880 quemque
1622 1836 1662 1869 30
1701 1849 1706 1884 3

172 1899 285 1925 casus
306 1892 536 1933 armaverat,
559 1898 695 1936 sparos
715 1891 780 1923 aut
800 1885 974 1931 lanceas,
1006 1884 1069 1923 alii
1091 1891 1315 1935 praeacutas
1336 1886 1443 1929 sudis
1464 1892 1594 1937 porta-

129 1949 148 1980 4
170 1942 275 1981 bant.
298 1942 364 1981 sed
378 1948 584 1993 postquam
595 1941 788 1980 Antonius
809 1953 897 1980 cuni
917 1941 1088 1980 exercitu
1097 1941 1336 1988 adventabat,
1354 1941 1514 1981 Catilina
1527 1954 1597 1994 per

172 1998 315 2038 montis
338 1999 410 2037 iter
428 1998 577 2045 facere,
608 1998 723 2036 modo
752 1997 799 2036 ad
829 1997 965 2036 urbem
987 1997 1101 2036 modo
1123 1998 1162 2036 in
1195 1997 1354 2036 Galliam
1376 2009 1512 2037 vorsus
1533 2010 1595 2037 ca-

1697 2022 1705 2035 ¹
1702 2010 1705 2015 .
1697 1934 1706 1991 *ua-*s
1695 1891 1706 1926 ,Δ
1694 1794 1706 1848 nd-

263 2121 282 2152 8
308 2129 347 2152 eo
374 2119 468 2151 illum
493 2119 600 2161 magis
626 2121 707 2159 (sic)
733 2119 937 2162 sequebatur
962 2121 1151 2160 ,lingua-tin.
1172 2131 1199 2151 c.
1221 2120 1252 2151 d.
1282 2121 1314 2160 5,
1334 2119 1394 2152 12:
1420 2130 1460 2152 eo
1488 2119 1595 2161 magis
1695 2110 1705 2157 f

171 2165 266 2198 illum
284 2164 528 2207 assequebatur
545 2163 607 2205 PC,
634 2175 783 2206 qnorum
801 2165 936 2206 aliquot
952 2164 1055 2204 illam,
1078 2175 1169 2196 unns
1186 2165 1390 2207 sequebatur
1407 2165 1597 2203 (imbiberam
1698 2135 1705 2199 i

172 2221 199 2244 e.
215 2221 258 2243 m.
285 2210 340 2242 illa
367 2209 572 2252 sequebatur
597 2219 688 2241 unus
712 2221 756 2241 ffl-
780 2222 798 2240 z
815 2211 827 2252 Η
847 2212 865 2242 9
892 2215 1029 2242 senatus
1047 2220 1072 2241 S.
1086 2221 1111 2241 s.
1130 2211 1160 2242 P
1174 2209 1187 2252 ΙΙ
1208 2211 1245 2242 10
1263 2209 1447 2242 facturatus
1466 2220 1510 2241 ex
1528 2209 1595 2242 sac·
1696 2200 1705 2229 ⁸

175 2261 268 2288 turus
295 2254 350 2297 ΡΙΙ
367 2259 566 2296 antecapere
592 2268 766 2284 ********
795 2264 835 2287 ne
861 2254 916 2297 ΡΠ
939 2257 970 2287 11
1001 2254 1192 2287 triumuiros
1218 2264 1302 2296 quae
1327 2253 1368 2286 ad
1393 2253 1592 2297 supplicium
1695 2237 1705 2311 ἶ

172 2300 366 2344 postolabat
393 2309 507 2341 parare
533 2306 592 2338 (εα-
618 2304 746 2342 parere)
771 2301 800 2331 Ρ
820 2302 852 2331 et
874 2301 924 2331 sie
946 2300 1023 2337 fer-e
1042 2299 1069 2331 C
1090 2302 1142 2336 (in
1164 2302 1288 2341 paucis
1311 2298 1352 2331 ad
1377 2309 1517 2331 erasum
1542 2299 1597 2331 vel

171 2357 196 2378 s.
220 2357 258 2385 s„
285 2344 501 2387 postulabant
526 2345 657 2387 unm->11
681 2347 718 2378 12
745 2345 777 2377 in
794 2356 819 2377 s.
841 2356 866 2376 s.
893 2346 994 2384 (eras.
1022 2344 1075 2383 ad)
1102 2344 1158 2388 Pu
1179 2346 1216 2377 14
1238 2343 1427 2377 ascenderis
1450 2344 1512 2385 PC,
1539 2344 1594 2377 de·
1700 2335 1709 2385 3¹

173 2389 343 2423 scenderis
369 2401 385 2420 z
409 2389 495 2428 sort.
520 2393 612 2421 recte
628 2389 639 2431 Η
663 2392 702 2424 16
724 2390 836 2422 iuncta
861 2388 924 2424 PC,
950 2390 1060 2422 uineta
1082 2389 1133 2432 Cfl
1156 2391 1193 2422 17
1223 2388 1350 2421 incultu
1376 2388 1439 2426 I’C,
1467 2388 1593 2422 inculta
1701 2383 1709 2427 ἦ

176 2435 202 2468 C
218 2436 230 2478 ss
247 2434 346 2468 odere
373 2434 424 2477 ΡΗ
449 2436 486 2467 lS
505 2434 647 2467 ioum}
661 2436 691 2467 Ρ
710 2441 743 2475 (ο
759 2433 832 2473 snit
857 2435 913 2473 αἳ)
931 2433 942 2477 Η
962 2434 1113 2466 uindices
1139 2433 1172 2474 C,
1199 2438 1230 2466 et
1253 2433 1379 2466 indices
1398 2432 1470 2465 PC:
1490 2436 1594 2476 (opti-
1698 2433 1709 2487 ἲ(

173 2488 275 2521 mus).
294 2490 352 2522 per
368 2479 495 2511 indices
513 2480 703 2511 deteriores
718 2479 744 2512 C
756 2478 817 2518 (ef.
833 2480 947 2511 Herm.
963 2481 988 2520 I,
1002 2479 1103 2520 2225):
1123 2478 1272 2511 uindices
1291 2489 1312 2510 r.
1326 2489 1352 2511 c.
1374 2478 1438 2510 del.
1455 2479 1594 2512 Cor-tius
1699 2472 1709 2516 ἶ,

172 2527 185 2568 ΙΙ
209 2527 250 2558 20
276 2524 496 2558 corneliorum
521 2536 565 2556 ec
590 2525 734 2558 cornelia
764 2525 832 2565 (vel
855 2525 900 2556 -isi
912 2526 939 2558 ’2)
974 2524 1087 2566 Ρ1133
1113 2524 1145 2556 in
1172 2523 1305 2565 galliam
1332 2525 1437 2556 Prisc.
1468 2524 1533 2556 vol.
1561 2524 1594 2556 II
1707 2530 1709 2569 l

169 2570 295 2613 p.524,
319 2570 351 2602 in
378 2580 443 2602 om.
464 2569 522 2603 PC
541 2573 684 2612 praeter
709 2570 898 2602 deteriores
923 2572 983 2610 qui
1007 2570 1039 2601 in
1066 2569 1120 2601 vel
1142 2568 1182 2601 ad
1211 2569 1337 2601 liabent
1364 2591 1368 2594 -
1706 2574 1709 2672 ἦ
