1709 2885
561 98 613 130 DE
637 97 770 130 BELLO
794 97 1055 131 IUGURTHINO
1460 97 1509 134 41

109 214 194 242 sese
222 201 378 248 habere,
410 201 475 239 sed
497 200 677 240 memoria
705 212 833 239 rerum
865 206 1056 250 gestarum
1080 211 1160 238 eam
1183 199 1370 238 flammam
1403 213 1513 251 egre-

110 258 180 309 giis
209 257 299 295 viris
329 257 368 295 in
392 263 549 307 pectore
571 268 744 295 crescere
775 268 902 307 neque
931 257 1041 307 prius
1072 256 1219 302 sedari,
1257 268 1369 305 quam
1392 258 1512 296 virtus

109 326 240 354 eorum
274 314 409 351 lamani
440 320 555 363 atque
585 312 743 363 gloriam
774 312 1051 363 adaequaverit.
1105 318 1142 350 at
1172 318 1306 350 contra
1338 314 1425 364 quis
1455 320 1512 352 est
1534 321 1551 352 7

109 370 280 408 onmium
303 370 358 408 eis
380 369 573 417 moribus,
604 368 697 418 quin
721 368 858 408 divitiis
880 374 917 407 et
946 367 1177 418 sumptibus,
1209 380 1288 406 non
1320 370 1512 420 probitate

59 434 233 478 5eneque
253 425 443 464 industria
473 437 560 463 cum
581 423 790 462 maioribus
821 425 900 463 suis
922 422 1158 463 contendat?
1190 424 1303 463 etiam
1332 426 1510 465 homines

106 482 206 528 novi,
238 482 303 532 qui
325 487 434 520 antea
456 494 525 532 per
547 481 724 519 virtutem
747 480 848 519 soliti
871 488 980 519 erant
1008 480 1245 519 nobilitatem
1275 483 1509 527 antevenire,

106 538 235 576 furtim
268 544 304 576 et
332 550 402 588 per
431 537 630 576 latrocinia
660 535 789 587 potius
821 550 931 587 quam
954 536 1067 575 bonis
1096 537 1242 575 artibus
1273 538 1317 576 ad
1348 539 1510 588 imperia

106 599 142 632 et
160 594 329 632 honores
352 594 550 632 nituntur:
575 593 739 644 proinde
761 594 870 642 quasi
892 599 1071 643 praetura
1093 598 1129 631 et
1150 594 1375 633 consulatus
1396 601 1510 645 atque
1532 601 1550 633 8

105 649 174 688 alia
197 650 325 688 omnia
355 648 619 688 huiuscemodi
650 661 720 699 per
748 660 788 686 se
810 649 891 699 ipsa
916 649 1013 688 clara
1049 656 1086 688 et
1112 650 1315 699 magnifica
1338 651 1436 696 sint,
1467 663 1510 690 ac

38 713 75 744 10
105 718 185 744 non
217 706 378 756 perinde
406 705 631 751 habeantur,
664 712 705 744 ut
734 716 868 743 eorum
898 706 963 755 qui
994 718 1034 744 ea
1066 706 1261 744 sustinent
1288 706 1409 746 virtus
1438 714 1507 746 est.

102 774 233 800 verum
256 773 326 811 ego
355 761 514 800 liberius
534 761 725 811 altiusque
747 762 938 811 processi,
969 763 1060 800 dum
1081 774 1142 800 me
1165 762 1325 801 civitatis
1355 775 1506 802 morum
1532 772 1550 800 9

101 818 207 868 piget
228 818 441 871 taedetque.
483 829 589 856 nunc
609 817 654 855 ad
678 817 874 867 inceptum
899 819 1027 856 redeo.

210 873 359 912 Bellum
391 874 607 924 scripturus
638 885 736 919 sum,
776 874 878 924 quod
909 875 1079 924 populus
1100 873 1296 912 Romanus
1328 887 1415 913 cum
1443 875 1506 915 Iu-
1531 879 1553 914 ἕ)

101 929 236 980 gurtha
266 941 356 979 rege
376 929 628 969 Numidarum
651 931 788 979 gessit,
822 930 990 981 primum
1013 931 1103 980 quia
1124 942 1307 981 magnum
1339 939 1375 970 et
1398 939 1506 971 atrox

33 993 71 1024 15
99 986 277 1036 variaque.
292 985 447 1024 victoria
462 986 547 1032 fuit,
570 986 711 1025 dehinc
731 986 820 1037 quia
842 992 935 1024 tunc
955 987 1123 1037 primum
1145 986 1349 1037 superbiae
1367 988 1506 1027 nohili-

97 1042 183 1080 tatis
214 1041 361 1080 obviam
391 1042 485 1080 itum
508 1049 577 1081 est.
635 1055 732 1093 quae
755 1043 951 1081 contentio
975 1043 1099 1081 divina
1122 1049 1158 1080 et
1179 1043 1345 1082 humana
1367 1052 1505 1084 cuncta
1529 1051 1548 1082 2

96 1097 322 1148 permiscuit
342 1111 465 1148 eoque
489 1099 683 1137 vecordiae
706 1099 905 1150 processit,
936 1105 978 1137 ut
998 1099 1135 1137 studiis
1165 1099 1340 1138 civilibus
1361 1100 1502 1140 bellum

97 1160 211 1204 atque
231 1154 383 1192 vastitas
404 1154 532 1193 Italiae
552 1156 668 1193 finem
688 1156 842 1194 faceret.
893 1155 958 1193 sed
980 1156 1206 1206 priusquam
1238 1155 1504 1196 huiuscemodi
1528 1164 1546 1196 3

97 1210 152 1247 rei
173 1210 326 1248 initium
344 1210 505 1260 expedio
527 1223 647 1260 pauca
669 1224 784 1262 supra
801 1219 985 1262 repetam,
1002 1211 1106 1261 quod
1120 1211 1165 1250 ad
1183 1213 1503 1261 cognoscundum

31 1272 70 1304 20
99 1266 227 1304 omnia
248 1266 423 1304 inlustria
445 1267 565 1317 magis
588 1267 785 1318 magisque
808 1267 846 1305 in
869 1274 1003 1318 aperto
1025 1269 1115 1306 sint.

206 1322 314 1360 Bello
336 1322 484 1361 Punico
507 1323 690 1369 secundo,
714 1336 790 1374 quo
813 1324 889 1362 dux
912 1323 1290 1373 Carthaginiensium
1312 1323 1503 1364 Hannibal
1527 1333 1547 1364 4

95 1382 183 1429 post
204 1378 508 1428 magnitudinem
531 1379 701 1418 nominis
721 1380 884 1418 Romani
912 1380 1041 1418 Italiae
1063 1391 1157 1430 opes
1178 1391 1355 1418 maxume
1386 1381 1504 1419 adtri-

93 1440 209 1480 verat,
231 1434 430 1473 Masinissa
453 1447 519 1473 rex
539 1435 791 1474 Numidarum
813 1436 851 1473 in
883 1436 1086 1474 amicitiam
1110 1443 1290 1486 receptus
1312 1448 1331 1474 a
1356 1436 1397 1474 P.
1422 1437 1504 1476 Sci-

93 1489 221 1540 pione,
253 1490 315 1529 cui
344 1496 477 1541 postea
508 1491 687 1529 Africano
718 1503 934 1541 cognomen
966 1504 1010 1530 ex
1040 1492 1179 1529 virtute
1202 1491 1285 1536 suit,
1317 1493 1436 1531 multa
1469 1500 1505 1532 et

24 1550 63 1583 25
92 1545 284 1596 praeclara
307 1546 361 1584 rei
384 1547 556 1585 militaris
586 1547 757 1585 facinora
778 1548 933 1586 fecerat.
985 1547 1033 1585 ob
1055 1559 1153 1597 quae
1175 1547 1283 1585 victis
1307 1547 1504 1598 Carthagi-

91 1601 292 1641 niensibus
314 1609 351 1641 et
381 1609 491 1653 capto
514 1603 702 1653 Syphace,
727 1604 838 1642 cuius
860 1604 897 1642 in
922 1604 1048 1642 Africa
1079 1616 1261 1654 magnum
1291 1610 1407 1655 atque
1429 1605 1502 1644 late

89 1657 294 1709 imperium
314 1658 442 1705 valuit,
475 1659 644 1710 populus
665 1659 864 1698 Romanus
893 1672 1158 1711 quascumque
1188 1660 1296 1698 urbis
1329 1667 1364 1699 et
1390 1674 1502 1711 agros

89 1725 204 1752 manu
225 1722 392 1765 ceperat,
424 1715 503 1765 regi
527 1716 629 1754 dono
652 1715 766 1754 dedit.
816 1716 933 1765 igitur
963 1716 1126 1755 amicitia
1149 1716 1372 1756 Masinissae
1401 1718 1502 1756 bona
1525 1726 1543 1757 5

88 1774 202 1821 atque
230 1771 391 1810 honesta
421 1771 533 1810 nobis
563 1772 788 1822 permansit.
831 1772 894 1809 sed
925 1772 1064 1822 imperi
1095 1772 1270 1822 vitaeque
1301 1773 1383 1812 eius
1412 1775 1500 1812 finis

21 1829 62 1863 30
77 1825 186 1864 idem
203 1827 288 1865 fuit.
324 1827 412 1865 dein
428 1827 590 1878 Micipsa
611 1828 712 1865 filius
734 1839 898 1876 regnum
920 1827 1025 1865 solus
1041 1828 1220 1866 obtinuit.
1243 1828 1499 1868 Mastanabale
1522 1836 1541 1868 6

85 1887 124 1920 et
145 1883 310 1921 Gulussa
325 1883 508 1921 fratribus
525 1883 660 1921 morbo
682 1883 909 1934 absumptis.
961 1884 992 1922 is
1015 1884 1268 1922 Adherbalem
1286 1890 1324 1922 et
1339 1884 1498 1937 Hiemp-
1521 1893 1539 1924 7

86 1937 202 1976 salem
233 1950 276 1976 ex
309 1950 394 1976 sese
417 1942 551 1988 genuit
578 1939 883 1990 Iugurthamque
913 1939 1032 1977 filium
1062 1939 1332 1979 Mastanabalis
1354 1942 1497 1988 fratris,

85 2006 199 2044 quem
230 1994 442 2040 Masinissa,
476 1995 579 2044 quod
601 2002 710 2034 ortus
731 2008 776 2033 ex
798 1995 1016 2034 concubina
1039 2002 1131 2042 erat,
1163 1996 1354 2047 privatum
1386 1998 1496 2036 dere-

82 2049 261 2100 liquerat,
283 2050 418 2089 eodem
440 2051 545 2089 cultu
568 2063 644 2101 quo
666 2051 808 2090 liberos
830 2064 922 2090 suos
939 2052 1041 2090 domi
1072 2052 1216 2091 habuit.

15 2109 53 2143 35
197 2105 269 2151 Qui
291 2106 358 2145 uhi
390 2107 557 2157 primum
579 2107 753 2155 adolevit,
785 2108 937 2159 pollens
966 2108 1114 2147 viribus
1136 2109 1273 2147 decora
1303 2109 1399 2148 facie
1429 2110 1494 2148 sed
1519 2114 1542 2149 6

80 2161 202 2200 multo
241 2174 418 2201 maxume
458 2162 616 2213 ingenio
647 2163 814 2211 validus,
855 2177 934 2203 non
965 2176 1006 2203 se
1036 2164 1129 2203 luxu
1170 2177 1296 2214 neque
1335 2166 1495 2205 inertiae

170 2263 188 2294 3
208 2261 445 2304 adaequauerit
458 2262 521 2302 PC,
539 2261 732 2305 adaequarit
755 2263 781 2296 C
796 2263 807 2305 ll
825 2266 843 2296 5
862 2263 1056 2296 contendasst
1075 2273 1108 2304 (n
1130 2268 1230 2303 θναε.)
1244 2265 1274 2296 Ρ
1289 2265 1299 2306 ΙΙ
1317 2266 1335 2297 8
1355 2265 1493 2307 proinde

37 2305 42 2310 ”
81 2305 116 2348 C,
140 2306 277 2349 perinde
290 2306 347 2339 PC
360 2306 371 2349 Η
395 2308 432 2339 10
459 2307 515 2348 qui
539 2316 576 2339 ea
601 2318 645 2339 em
662 2308 740 2350 quia
757 2309 809 2349 ΡΗ
834 2311 870 2341 15
890 2308 1009 2341 dehinc
1027 2309 1089 2349 PC,
1116 2308 1190 2341 dein
1204 2309 1261 2352 pC
1275 2308 1287 2352 ss
1305 2310 1491 2342 nobilitatis

78 2352 116 2382 in
138 2361 250 2393 marg.
268 2353 298 2384 P
313 2351 324 2392 {l
346 2353 384 2385 16
402 2351 536 2384 obuiam
560 2351 642 2384 itum
666 2363 710 2385 ecc
734 2353 907 2386 obuiatum
932 2353 985 2397 PH
1008 2355 1047 2386 19
1066 2354 1207 2397 expedio
1228 2355 1292 2389 PC,
1318 2355 1490 2398 expediam

81 2395 107 2428 C
119 2395 132 2440 ll
150 2398 192 2429 24
210 2406 396 2438 cognomen
415 2406 454 2428 ex
472 2396 595 2428 uirtute
612 2396 675 2429 fuit
690 2398 753 2439 PC,
771 2393 910 2430 ‘Acron'
929 2401 966 2430 in
981 2399 1063 2431 Hor.
1082 2398 1114 2431 C.
1137 2400 1168 2440 4,
1186 2399 1218 2440 8,
1232 2399 1292 2432 19:
1310 2409 1349 2432 ex
1367 2400 1491 2432 uirtute

77 2449 198 2474 nomen
214 2440 357 2474 inditum
374 2441 472 2473 huius
487 2441 601 2482 Schol.
616 2441 652 2474 V
649 2452 696 2475 er.
709 2444 796 2475 Aen.
809 2443 841 2484 9,
854 2443 920 2476 387
936 2444 947 2485 ΙΙ
968 2445 1008 2476 25
1023 2444 1348 2486 carthaginiensibus
1366 2456 1410 2476 eoe
1422 2455 1493 2477 car-

78 2484 297 2528 thaginiensis
311 2486 341 2518 P
355 2485 366 2528 [Ι
384 2488 425 2518 26
440 2486 542 2518 sisace
560 2497 604 2518 ιη·
621 2486 714 2519 sifaci
726 2500 764 2517 τε*
781 2489 812 2521 P
826 2487 837 2529 ΙΙ
855 2490 894 2522 31
914 2488 1051 2530 gulussa
1068 2499 1113 2520 σαν
1130 2489 1265 2531 galussa
1277 2490 1307 2521 P
1319 2488 1330 2531 ΙΙ
1349 2489 1491 2523 hiemsa-

77 2529 143 2563 lem
156 2531 208 2574 pfl
228 2532 269 2563 33
284 2530 401 2563 hortus
415 2526 581 2563 adortum
591 2532 621 2563 P
632 2530 644 2575 ΙΙ
664 2533 704 2565 36
718 2532 797 2565 luxu
814 2532 846 2573 C,
863 2533 1000 2565 Fronto
1015 2533 1062 2565 ad
1067 2534 1151 2566 Ant.
1163 2534 1195 2574 2,
1209 2535 1230 2567 6
1241 2545 1278 2576 p.
1295 2534 1359 2568 108
1374 2535 1489 2568 Diom.

72 2585 111 2617 p.
129 2575 205 2616 341,
230 2575 322 2608 luxui
340 2575 403 2616 PC,
428 2575 580 2608 Maerob.
596 2587 670 2608 ειυς.
683 2577 767 2609 Bob.
779 2588 812 2619 p.
826 2577 902 2619 645,
927 2577 1076 2611 luxuriae
1095 2579 1141 2611 id.
1159 2589 1233 2611 exc.
1251 2579 1358 2612 Paris.
1374 2590 1409 2621 p.
1422 2580 1489 2614 6²24
