1709 2885
554 116 608 149 DE
632 115 765 149 BELLO
790 115 1051 149 lUGURTHINO
1457 115 1509 152 57

101 217 278 271 publicae
299 218 428 257 omnia
450 224 626 270 superet:
649 230 743 269 opes
764 218 953 264 factionis,
975 223 1101 256 vostra
1122 218 1318 269 patientia,
1340 218 1401 256 ius
1422 219 1511 257 nul-

100 275 193 322 lum,
215 286 258 312 ac
274 287 450 313 maxume
468 274 570 325 quod
585 275 833 313 innocentiae
847 274 936 326 plus
952 273 1116 325 periculi
1133 286 1247 324 quam
1262 274 1424 313 honoris
1441 281 1509 313 est.

100 343 187 370 nam
208 330 270 369 illa
292 331 446 381 quidem
466 331 572 382 piget
592 330 733 376 dicere,
755 331 815 368 his
835 331 948 369 annis
969 330 1189 381 quindecim
1206 342 1321 381 quam
1342 330 1510 370 ludibrio
1534 338 1551 369 2

101 387 252 425 fueritis
273 387 478 437 superbiae
498 398 712 437 paucorum
726 417 735 433 ,
758 399 871 437 quam
893 387 1004 425 foede
1028 398 1220 438 quamque
1240 386 1352 425 inulti
1381 388 1508 438 perie-

53 451 72 482 5
100 444 180 482 rint
198 443 315 481 vostri
338 443 575 490 defensores,
597 448 639 480 ut
658 441 766 480 vohis
787 443 937 481 animus
958 443 1004 481 ab
1025 443 1172 493 ignavia
1194 448 1309 493 atque
1333 444 1510 482 socordia

102 504 317 549 conruptus
347 500 415 546 sit,
446 499 512 550 qui
542 511 591 537 ne
620 509 727 537 nunc
755 499 910 549 quidem
932 499 1110 537 obnoxiis
1132 499 1300 537 inimicis
1324 501 1510 550 exurgitis
1533 506 1551 538 3

99 560 213 606 atque
243 556 357 594 etiam
388 567 494 594 nunc
518 554 661 593 timetis
690 566 777 601 eos,
809 555 950 605 quibus
979 555 1088 594 decet
1121 557 1260 593 terrori
1296 567 1393 594 esse.
1442 556 1509 595 sed
1533 562 1551 593 4

100 623 331 662 quamquam
360 611 455 650 haec
480 611 569 650 talia
589 617 693 656 sunt,
714 616 841 649 tamen
865 611 1012 658 obviam
1033 612 1089 650 ire
1114 611 1295 650 factionis
1313 612 1509 663 potentiae

99 667 250 706 animus
271 667 426 718 subigit.
468 675 570 706 certe
592 678 663 717 ego
685 666 919 710 libertatem,
943 680 1041 719 quae
1061 668 1154 706 mihi
1184 680 1204 706 a
1234 674 1394 719 parente
1420 680 1508 707 meo
1533 676 1551 707 5

33 729 69 762 10
97 723 234 762 tradita
257 730 325 771 est,
349 723 534 774 experiar.
574 735 707 761 verum
727 722 766 761 id
781 723 925 762 frustra
947 736 994 762 an
1018 724 1066 762 ob
1088 736 1169 763 reni
1193 724 1341 771 faciam,
1373 725 1413 763 in
1441 737 1508 764 vo-

97 784 176 818 stra
195 792 311 818 manu
335 779 450 817 situm
472 784 542 823 est,
560 778 742 824 Quirites.
777 791 904 830 neque
926 792 996 830 ego
1011 792 1079 819 vos
1099 781 1246 825 hortor,
1269 781 1373 831 quod
1394 793 1508 832 saepe
1531 787 1549 816 ss

94 836 261 874 maiores
281 835 402 874 uestri
425 835 570 881 fecere,
592 835 647 873 uti
674 840 807 874 contra
836 836 997 874 iniurias
1026 836 1159 875 armati
1190 837 1301 876 eatis:
1334 837 1431 875 nihil
1459 838 1507 884 vi,

95 891 192 930 nihil
214 891 433 930 secessione
449 903 548 942 opus
564 897 632 930 est.
674 903 834 930 necesse
852 899 910 930 est
930 898 1082 931 suomet
1101 893 1174 944 ipsi
1192 905 1300 931 more
1317 893 1508 945 praecipi-

94 954 151 986 tes
181 952 278 986 eant.
330 948 458 986 occiso
480 947 538 986 Ti.
562 947 735 986 Graccho
750 979 758 993 ,
794 960 907 999 quem
930 961 1093 999 regnum
1116 961 1252 1000 parare
1272 949 1437 996 aiebant,
1467 950 1508 988 in
1531 957 1548 988 7

28 1010 66 1042 15
95 1003 247 1054 plebem
276 1003 486 1042 Romanam
519 1004 763 1054 quaestiones
789 1004 940 1044 habitae
961 1011 1064 1044 sunt.
1108 1012 1198 1056 post
1220 1005 1259 1044 C.
1282 1005 1443 1044 Gracchi
1471 1012 1509 1044 et

93 1059 143 1098 M.
171 1060 280 1098 Fulvi
309 1060 464 1099 caedem
493 1059 583 1098 item
612 1060 729 1101 vostri
760 1061 907 1099 ordinis
938 1062 1048 1099 multi
1076 1062 1257 1100 mortales
1291 1062 1330 1100 in
1354 1074 1508 1101 carcere

92 1116 220 1154 necati
241 1122 344 1155 sunt.
387 1116 591 1167 utriusque
613 1116 730 1156 cladis
751 1129 831 1156 non
851 1117 911 1156 lex
932 1129 1064 1156 verum
1081 1117 1213 1156 lubido
1232 1130 1366 1157 eorum
1391 1119 1508 1157 finem

91 1171 195 1210 fecit.
243 1173 310 1210 sed
330 1184 423 1212 sane
452 1173 569 1211 fuerit
589 1173 698 1223 regni
730 1173 876 1224 paratio
907 1174 1011 1225 plebi
1040 1186 1108 1212 sua
1137 1174 1353 1213 restituere.
1395 1175 1507 1225 quid-
1530 1182 1548 1213 S

94 1227 186 1278 quid
207 1228 291 1266 sine
311 1228 500 1279 sanguine
521 1229 660 1267 civium
682 1229 814 1268 ulcisci
837 1230 1042 1281 nequitur,
1065 1231 1149 1269 iure
1175 1231 1316 1269 sactum
1339 1231 1399 1271 sit.
1441 1243 1506 1269 su·
1530 1238 1549 1269 9

24 1289 64 1322 20
94 1284 315 1335 perioribus
335 1285 447 1323 annis
467 1285 572 1323 taciti
592 1285 895 1335 indignabamini
917 1287 1105 1325 aerarium
1129 1287 1307 1337 expilari,
1338 1299 1449 1337 reges
1471 1293 1508 1326 et

90 1340 258 1391 populos
278 1339 420 1380 liberos
441 1342 574 1392 paucis
596 1341 792 1380 nobilibus
812 1343 970 1392 vectigal
994 1342 1185 1394 pendere,
1208 1355 1330 1394 penes
1351 1344 1506 1382 eosdem

91 1401 128 1434 et
148 1408 336 1435 summam
359 1397 517 1447 gloriam
541 1404 576 1436 et
597 1410 793 1437 maxumas
820 1399 967 1437 divitias
997 1411 1095 1437 esse.
1136 1404 1262 1437 tamen
1293 1399 1388 1438 haec
1418 1399 1506 1438 talia

87 1451 259 1491 facinora
290 1453 439 1505 inpune
469 1455 689 1505 suscepisse
719 1467 856 1505 parum
886 1454 1055 1493 habuere
1076 1455 1204 1505 itaque
1229 1461 1427 1506 postremo
1449 1455 1504 1494 le-

88 1520 177 1558 ges,
208 1509 386 1547 maiestas
414 1515 560 1556 vostra,
592 1511 716 1548 divina
743 1517 780 1549 et
808 1511 976 1548 humana
1005 1511 1133 1549 omnia
1162 1511 1342 1549 hostibus
1367 1512 1502 1550 tradita

39 1572 56 1602 5
86 1570 189 1603 sunt.
231 1577 358 1616 neque
381 1577 460 1612 eos,
482 1565 548 1616 qui
571 1578 613 1604 ea
634 1566 774 1611 fecere,
797 1567 918 1617 pudet
938 1572 1003 1604 aut
1023 1567 1206 1617 paenitet,
1228 1567 1294 1605 sed
1314 1567 1504 1606 incedunt
1528 1573 1564 1604 10

84 1632 156 1671 per
184 1633 250 1659 ora
278 1628 405 1660 vostra
434 1622 649 1672 magnifici,
680 1623 893 1661 sacerdotia
915 1629 952 1661 et
973 1622 1219 1669 consulatus,
1250 1635 1340 1674 pars
1364 1624 1501 1662 trium-

82 1677 183 1727 phos
203 1689 295 1716 suos
316 1683 574 1717 ostentantes:
596 1678 761 1730 proinde
782 1679 893 1729 quasi
916 1691 957 1717 ea
980 1679 1119 1717 honori
1142 1691 1221 1717 non
1243 1680 1406 1730 praedae
1432 1680 1500 1718 ha—

81 1732 210 1771 beant.
250 1733 349 1772 servi
382 1746 470 1773 aere
498 1735 618 1785 parati
648 1735 790 1773 iniusta
819 1735 979 1785 imperia
1016 1735 1262 1773 dominorum
1293 1748 1373 1774 non
1409 1749 1498 1787 per·
1525 1742 1559 1772 11

82 1788 234 1833 ferunt,
263 1802 285 1826 v
313 1802 351 1834 s,
374 1790 564 1838 Quirites,
592 1791 631 1828 in
653 1790 817 1840 imperio
840 1790 937 1835 nati,
971 1803 1094 1841 aequo
1116 1791 1244 1829 animo
1276 1791 1497 1830 servitutem

81 1845 253 1884 toleratis
263 1802 355 1893 ‘flat
376 1847 443 1896 qui
463 1853 555 1885 sunt
577 1847 633 1890 ei,
656 1846 722 1896 qui
743 1858 825 1884 rem
846 1845 1039 1897 publicam
1071 1845 1337 1897 occupavere?
1372 1848 1497 1886 homi·
1525 1854 1559 1885 12

82 1912 153 1940 nes
173 1901 484 1946 sceleratissumi,
517 1903 689 1941 cruentis
710 1902 901 1949 manibus,
923 1903 1081 1941 immani
1105 1903 1272 1950 avaritia,
1300 1905 1498 1943 nocentis-

81 1957 180 1995 sumi
217 1963 255 1995 et
288 1957 412 1995 eidem
447 1957 749 2009 superbissumi,
786 1959 928 2010 quibus
962 1959 1056 1997 fides
1091 1959 1211 1997 decus
1245 1959 1387 2010 pietas,
1426 1972 1496 2011 po-

80 2019 224 2051 stremo
255 2013 415 2052 honesta
440 2020 556 2065 atque
587 2014 791 2053 inhonesta
822 2015 951 2054 omnia
972 2015 1149 2066 quaestui
1171 2020 1274 2054 sunt.
1316 2028 1405 2066 pars
1430 2029 1495 2055 eo-
1522 2023 1558 2055 13

79 2080 168 2107 rum
197 2069 386 2108 occidisse
414 2070 591 2109 tribunos
621 2070 745 2121 plebis
774 2070 837 2109 alii
859 2072 1105 2123 quaestiones
1127 2071 1290 2110 iniustas
1318 2072 1495 2123 plerique

169 2181 188 2211 3
214 2179 404 2222 quindecim
420 2178 494 2219 (XV
511 2180 547 2220 P,
572 2180 631 2217 ,ΧΠ
643 2191 668 2223 p
686 2183 724 2212 in
740 2184 868 2224 marg.)
884 2182 982 2223 PCV,
1006 2182 1127 2223 uiginti
1147 2182 1323 2224 Cyn-aeter·
1337 2183 1497 2225 singulos

78 2225 116 2255 in
133 2224 258 2266 quibus
273 2224 303 2256 X
322 2224 375 2256 vel
389 2224 447 2257 ΧΠ
466 2223 477 2266 {l
494 2226 514 2257 4
531 2224 628 2258 inulti
645 2226 708 2266 PC,
734 2226 830 2259 multi
851 2226 884 2260 C.
903 2227 1000 2259 inuiti
1019 2227 1056 2259 V
1066 2226 1077 2270 {l
1097 2230 1115 2260 5
1135 2226 1332 2260 diffensores
1350 2229 1385 2266 P,
1405 2239 1495 2260 corr.

75 2279 98 2311 p
116 2267 128 2312 ΙΙ
148 2271 167 2302 6
192 2269 249 2311 qui
274 2279 315 2301 ne
339 2280 385 2300 ειν
411 2279 476 2311 qua
500 2279 552 2301 me
577 2271 629 2312 ΡΙΙ
649 2272 668 2303 6
693 2271 848 2305 obnoxiis
872 2271 978 2311 PVC,
1008 2272 1144 2304 obnoxii
1173 2272 1226 2316 CH
1244 2274 1262 2305 S
1289 2273 1423 2305 obuiam
1448 2273 1495 2305 ire

76 2313 174 2354 PVG,
198 2314 247 2346 ire
263 2314 398 2347 obviam
419 2313 445 2346 C
458 2312 469 2356 Η
490 2313 646 2347 factionis
664 2316 836 2358 potentiae
854 2316 917 2358 PC,
942 2316 1114 2359 potentiae
1132 2316 1288 2349 factionis
1307 2316 1365 2361 ΙἨ
1390 2320 1424 2351 11
1452 2318 1496 2351 si-

78 2360 149 2390 tum
173 2362 258 2402 estq.
284 2368 394 2401 neque
419 2358 476 2402 1⁷3]
503 2361 539 2392 12
564 2360 668 2392 uestri
691 2361 796 2402 PVC,
824 2362 931 2395 nostri
959 2360 1072 2405 61114
1096 2367 1197 2394 e*ant
1220 2362 1273 2405 Pu
1293 2363 1437 2404 grac-cho
1459 2374 1494 2405 p,

78 2412 176 2445 graco
201 2402 258 2446 ΡΙΙ
277 2405 316 2436 19
342 2403 500 2445 nequitur
523 2404 626 2443 PVG,
655 2406 773 2448 nequit
798 2406 910 2450 01120
936 2406 1191 2448 indignabimini
1214 2406 1267 2450 ΡΗ
1288 2409 1328 2440 27
1354 2408 1492 2450 proinde

77 2447 174 2488 PVG,
200 2448 336 2490 perinde
351 2448 406 2491 pc
420 2450 431 2489 {j
450 2448 596 2481 honores
621 2460 687 2482 non
711 2451 852 2493 praedas
871 2451 908 2484 V
926 2455 960 2483 et
975 2453 1011 2483 in
1027 2462 1141 2493 marg.
1155 2463 1178 2494 p
1196 2453 1359 2493 (abscisso
1376 2462 1491 2494 marg.

76 2492 211 2524 relicua
233 2496 317 2525 sunt
341 2519 347 2525 .
364 2520 370 2525 .
389 2503 440 2526 res
460 2494 518 2536 ji)
535 2492 547 2536 u
567 2495 608 2526 28
633 2496 722 2528 serui
741 2509 757 2524 ι
771 2509 787 2525 ιε
807 2496 950 2539 reparati
976 2498 1027 2537 (ae
1046 2498 1107 2536 er.)
1132 2497 1185 2538 Pu
1206 2498 1246 2529 29
1270 2497 1409 2539 quirites
1427 2508 1492 2530 om.

79 2536 115 2570 V
127 2535 140 2580 ΙΙ
157 2539 198 2571 30
222 2537 392 2580 publicam
417 2548 481 2571 om.
500 2539 536 2579 P,
560 2549 591 2581 p.
611 2539 690 2571 add.
702 2539 754 2582 11.ss
773 2543 812 2574 31
841 2541 1038 2574 scelerantis
1063 2541 1138 2574 simi
1155 2543 1192 2583 P,
1219 2552 1310 2574 corr.
1326 2552 1348 2584 p
1366 2541 1377 2585 ΙΙ
1397 2544 1438 2576 32
1458 2546 1490 2575 et

77 2581 165 2615 idem
188 2582 287 2624 PCV,
309 2583 466 2626 idemque
493 2583 605 2626 61133
632 2585 766 2627 questui
790 2596 835 2618 eac
859 2596 945 2629 quae
971 2586 1019 2618 tui
1043 2586 1073 2617 P
