1709 2885
545 121 599 154 DE
624 119 758 154 BELLO
781 116 1044 154 IUGURTHINO
1450 112 1500 150 47

91 227 152 267 illa
169 225 289 276 pestis
305 237 350 264 ex
367 224 494 264 Africa
511 224 627 263 eiecta
647 230 715 271 est,
734 224 820 263 laeti
835 236 968 276 pacem
985 220 1232 273 agitabamus,
1251 219 1397 270 quippe
1415 218 1504 270 quis

89 282 212 322 hostis
233 281 365 320 nullus
386 287 478 328 erat,
504 280 579 319 nisi
599 279 697 318 forte
719 292 833 330 quem
850 293 916 318 vos
936 277 1157 318 iussissetis.
1198 288 1287 314 ecce
1309 281 1435 315 autem
1457 286 1502 312 ex

90 338 286 390 inproviso
317 337 523 388 Iugurtha,
553 335 793 375 intoleranda
820 336 975 375 audacia
1004 334 1150 373 scelere
1178 338 1292 383 atque
1321 330 1503 382 superbia

91 407 174 434 sese
196 394 390 441 ecferens,
412 393 530 432 fratre
548 404 634 431 meo
659 398 773 442 atque
795 393 929 432 eodem
949 390 1173 442 propinquo
1194 400 1265 426 suo
1286 387 1504 433 interfecto,

89 450 258 502 primum
281 462 445 500 regnum
463 448 544 488 eius
565 447 723 486 sceleris
745 449 805 487 sui
821 449 1001 500 praedam
1020 447 1118 492 feeit,
1137 449 1238 496 post,
1261 444 1325 482 ubi
1347 456 1408 481 me
1431 442 1505 481 eis—

91 507 176 546 dem
205 506 303 544 dolis
332 506 468 556 nequit
497 516 654 556 capere,
676 505 773 543 nihil
802 505 931 544 minus
953 515 1065 555 quam
1088 503 1160 540 vim
1191 506 1255 540 aut
1274 500 1420 538 bellum
1442 511 1504 537 ex-

89 567 308 614 pectantem
330 563 369 600 in
392 561 554 613 imperio
571 566 712 606 vostre,
730 560 831 599 sicut
850 561 998 607 videtis,
1021 564 1211 598 extorrem
1234 556 1354 607 patria
1376 555 1503 602 domo,

90 616 245 670 inopem
268 624 305 656 et
335 623 558 669 coopertum
590 616 754 655 miseriis
784 617 929 665 effecit,
953 623 992 655 ut
1023 615 1145 654 ubivis
1174 613 1296 651 tutius
1328 623 1441 663 quam
1464 610 1503 648 in

36 699 40 704 -
90 686 175 713 meo
197 686 319 725 regno
349 686 484 713 essem.
527 685 596 723 ego
629 672 684 711 sic
705 672 999 719 existumaham,
1030 678 1160 723 patres
1191 668 1423 719 conscripti,
1448 666 1505 706 uti

25 737 63 770 10

23 1296 62 1329 20

24 1857 63 1890 30

91 730 377 782 praedicantem
407 730 622 768 audiveram
653 734 801 779 patrem
830 741 978 767 meum:
1012 727 1077 780 qui
1105 732 1270 765 vostram
1299 724 1504 763 amicitiam

91 786 296 837 diligenter
318 786 510 831 colerent,
542 798 607 824 eos
637 785 801 823 multum
831 785 1000 824 laborem
1030 783 1242 834 suscipere,
1266 788 1437 821 ceterum
1459 791 1504 818 ex

91 842 272 881 omnibus
292 854 468 880 maxume
497 846 600 880 tutos
623 854 718 879 esse.
760 842 862 891 quod
893 841 932 879 in
956 840 1095 880 familia
1125 844 1255 878 nostra
1275 837 1368 882 fuit,
1391 847 1503 887 prae-

90 898 203 945 stitit,
225 898 281 937 uti
302 898 342 936 in
371 897 552 936 omnibus
571 897 682 936 bellis
711 897 860 936 adesset
880 897 1005 935 vobis:
1030 909 1101 936 nos
1124 896 1178 934 uti
1200 907 1270 946 per
1290 893 1411 932 otium
1432 891 1503 930 tuti

89 953 222 1001 simus,
245 954 285 992 in
310 961 435 993 vostra
455 966 572 993 manu
594 960 663 1000 est,
684 959 812 1004 patres
833 953 1057 1004 conscripti.
1098 957 1206 1003 pater
1222 963 1294 989 nos
1310 950 1407 988 duos
1427 948 1504 986 fra·

91 1015 170 1049 tres
198 1010 375 1060 reliquit,
405 1010 561 1049 tertium
598 1009 823 1060 Iugurtham
860 1009 1049 1048 benificiis
1087 1007 1167 1047 suis
1197 1013 1302 1046 ratus
1333 1013 1390 1045 est
1411 1016 1505 1044 con-

90 1066 265 1106 iunctum
287 1066 399 1105 nobis
430 1068 524 1105 fore.
565 1066 660 1105 alter
689 1078 823 1105 eorum
853 1073 1012 1105 necatus
1044 1071 1119 1112 est,
1151 1064 1308 1102 alterius
1329 1063 1412 1114 ipse
1435 1072 1505 1110 ego

89 1135 227 1162 manus
247 1123 373 1173 inpias
393 1123 454 1161 vix
476 1123 604 1173 effugi.
645 1123 737 1173 quid
760 1121 896 1173 agam?
919 1128 984 1161 aut
1001 1134 1078 1172 quo
1096 1120 1354 1172 potissumum
1372 1117 1505 1157 infelix

90 1177 300 1218 adcedam?
323 1179 476 1229 generis
496 1178 685 1230 praesidia
708 1179 835 1218 omnia
858 1179 1023 1218 extincta
1045 1183 1148 1216 sunt.
1190 1184 1318 1228 pater,
1351 1175 1406 1214 uti
1436 1186 1504 1212 ne-

93 1247 200 1274 cesse
222 1240 320 1282 erat,
344 1241 502 1274 naturae
524 1235 726 1273 concessit.
768 1235 888 1281 fratri,
907 1247 1022 1285 quem
1043 1234 1217 1273 minume
1242 1232 1384 1279 decuit,
1414 1242 1506 1281 pro-

91 1291 231 1342 pincus
250 1303 322 1341 per
342 1291 468 1329 scelus
491 1291 603 1329 vitam
625 1291 779 1341 eripuit.
821 1291 955 1330 adfinis
977 1290 1120 1329 amicos
1140 1290 1387 1340 propinquos
1403 1293 1507 1326 cete-

90 1359 156 1386 ros
184 1359 291 1385 meos
322 1347 437 1385 alium
468 1347 539 1386 alia
562 1347 687 1385 clades
710 1347 921 1397 obpressit:
955 1347 1055 1398 capti
1077 1346 1122 1385 ab
1144 1346 1330 1396 Iugurtha
1354 1356 1444 1394 pars
1466 1343 1507 1380 in

94 1415 248 1442 crucem
270 1403 343 1441 acti
366 1415 453 1454 pars
474 1403 607 1442 hestiis
629 1403 769 1441 obiecti
802 1399 914 1450 sunt,
949 1403 1083 1454 pauci,
1114 1401 1254 1453 quibus
1284 1401 1416 1439 relicta
1447 1403 1503 1437 est

93 1459 230 1506 anima,
253 1459 372 1498 clausi
394 1459 433 1498 in
455 1459 626 1498 tenebris
649 1472 735 1498 cum
759 1471 931 1497 maerore
953 1464 990 1497 et
1010 1459 1117 1497 luctu
1139 1464 1263 1496 morte
1291 1456 1501 1506 graviorem

93 1515 204 1554 vitam
227 1515 396 1566 exigunt.
446 1516 478 1554 si
500 1515 641 1562 omnia,
665 1527 762 1565 quae
784 1521 849 1554 aut
877 1515 985 1553 amisi
1015 1520 1080 1553 aut
1103 1527 1148 1552 ex
1179 1512 1409 1552 necessariis
1438 1511 1503 1549 ad-

92 1583 202 1610 vorsa
222 1571 319 1610 facta
340 1577 443 1617 sunt,
465 1572 672 1609 incolumia
694 1576 907 1617 manerent,
933 1577 1070 1618 tamen,
1090 1570 1216 1621 siquid
1238 1582 1283 1608 ex
1305 1568 1502 1620 inproviso

92 1628 181 1666 mali
211 1628 432 1675 accidisset,
463 1640 530 1666 vos
550 1627 785 1678 inplorarem
801 1658 809 1673 ,
846 1632 976 1678 patres
998 1626 1231 1677 conscripti,
1269 1625 1410 1676 quibus
1431 1635 1502 1675 pro

91 1684 358 1735 magnitudine
375 1684 511 1735 imperi
533 1684 593 1722 ius
616 1689 652 1722 et
668 1684 830 1722 iniurias
852 1683 978 1722 omnis
1000 1695 1115 1721 curae
1133 1694 1217 1721 esse
1240 1683 1360 1720 decet.
1398 1691 1504 1720 nunc

91 1752 181 1779 vero
204 1740 291 1779 exul
312 1740 433 1791 patria
455 1740 590 1786 domo,
622 1739 727 1778 solus
749 1746 863 1789 atque
887 1739 1060 1777 omnium
1090 1740 1340 1777 honestarum
1372 1748 1502 1775 rerum

94 1808 212 1847 egens
242 1808 318 1846 quo
349 1796 528 1835 adcedam
561 1802 627 1835 aut
649 1808 746 1846 quos
780 1793 1001 1846 appellem?
1043 1795 1271 1833 nationesne
1301 1806 1349 1832 an
1377 1804 1501 1842 reges,

94 1853 160 1903 qui
186 1865 321 1891 omnes
351 1852 514 1891 familiae
545 1859 700 1890 nostrae
723 1851 772 1889 ob
804 1857 966 1889 vostram
995 1850 1199 1889 amicitiam
1222 1849 1351 1888 infesti
1381 1845 1502 1888 sunt?

91 1921 138 1947 an
161 1920 356 1959 quoquam
378 1907 472 1946 mihi
494 1908 721 1956 adiresslicet,
753 1907 819 1946 ubi
840 1919 920 1946 non
941 1907 1131 1946 maiorum
1153 1918 1329 1945 meorum
1350 1903 1502 1943 hostilia

28 1985 34 1990 ·
91 1970 342 2003 monumenta
362 1963 543 2014 pluruma
565 1962 668 2002 sint?
691 1970 757 2003 aut
778 1964 979 2014 quisquam
1003 1963 1125 2002 nostri
1157 1962 1332 2001 misereri
1362 1966 1501 2013 potest,

93 2020 159 2071 qui
175 2020 381 2071 aliquando
398 2019 506 2057 vobis
527 2020 649 2058 hostis
665 2018 766 2059 fuit?
787 2026 985 2070 postremo
1022 2019 1222 2058 Masinissa
1238 2031 1310 2057 nos
1326 2019 1376 2057 ita
1392 2016 1503 2055 insti-

92 2076 177 2124 tuit,
193 2081 322 2127 patres
334 2076 559 2126 conscripti,
576 2088 743 2127 nequem
758 2076 973 2115 coleremus
985 2076 1059 2114 nisi
1071 2075 1260 2127 populum
1271 2075 1502 2119 Romanum,

92 2144 142 2170 ne
163 2133 364 2171 societates
381 2144 456 2170 neu
478 2132 632 2171 foedera
654 2145 750 2171 nova
771 2133 1048 2184 acciperemus,
1063 2132 1217 2171 abunde
1238 2143 1376 2182 magna
1392 2142 1504 2181 prae-

92 2187 192 2229 sidia
209 2188 322 2227 nobis
345 2188 383 2227 in
413 2194 539 2227 vostra
559 2188 721 2227 amicitia
742 2189 846 2227 fore:
877 2189 910 2228 si
933 2189 1025 2227 huic
1047 2188 1210 2239 imperio
1234 2188 1391 2226 fortuna
1418 2199 1501 2225 mu·

91 2250 258 2292 taretur,
290 2257 366 2284 una
397 2244 655 2283 occidundum
680 2245 791 2284 nohis
815 2258 911 2284 esse.
961 2246 1100 2284 virtute
1129 2244 1251 2283 aedis
1280 2242 1499 2282 volentibus

181 2346 200 2377 3
226 2344 365 2386 scelere]
393 2354 447 2376 sce
473 2346 510 2375 in
533 2354 602 2376 ras.
627 2342 683 2387 Pu
700 2345 815 2387 atque]
842 2349 875 2377 et
901 2344 959 2387 Vll
979 2347 999 2377 4
1024 2353 1097 2376 sese
1125 2343 1166 2385 C,
1191 2354 1226 2376 se
1253 2343 1294 2384 V,
1319 2353 1383 2375 om.
1409 2340 1465 2384 ΡΙΙ
1483 2343 1499 2372 5

85 2387 233 2430 findam
247 2391 278 2427 (a
293 2400 337 2421 ew
350 2391 383 2428 u)
398 2389 427 2420 P
442 2388 452 2430 li
471 2390 489 2422 6
504 2389 619 2430 nequit
632 2389 695 2430 PC,
713 2399 778 2421 non
797 2390 867 2433 quit
883 2389 936 2432 Vp
957 2388 968 2432 ss
985 2391 1004 2422 9
1019 2398 1092 2421 meo
1110 2399 1213 2431 regno
1228 2387 1291 2429 PC,
1308 2397 1411 2430 regno
1428 2396 1501 2418 meo

92 2433 127 2467 V
127 2431 154 2464 C
169 2432 180 2476 ΙΙ
200 2436 236 2466 11
256 2434 405 2466 laborem
423 2433 485 2473 PC,
512 2433 635 2466 laboris
651 2445 675 2466 s.
689 2445 714 2467 S.
733 2433 746 2467 l
758 2434 792 2467 re‘
815 2445 905 2466 unus
922 2446 966 2466 ea:
986 2433 1019 2475 C,
1040 2433 1164 2467 laboris
1178 2434 1214 2466 V
1225 2434 1235 2476 Ιξ
1259 2435 1297 2466 12
1316 2433 1409 2465 suit:·
1431 2442 1503 2474 prc-

92 2478 175 2511 stitit
202 2481 238 2518 (:·
259 2479 292 2511 in
317 2478 446 2522 psentia
464 2480 500 2510 in
514 2479 678 2520 marg.)P
694 2479 705 2520 ΙΙ
723 2481 763 2512 14
789 2490 904 2512 sumus
923 2479 980 2522 ΙἨ
1003 2480 1041 2511 13
1061 2483 1293 2520 necessaerapt
1315 2476 1369 2520 Pl]
1391 2479 1427 2510 19
1447 2486 1503 2508 na-

93 2527 165 2556 tura
191 2524 218 2554 P
233 2522 245 2566 H
262 2526 301 2557 21
329 2534 423 2556 meos
448 2534 512 2556 om.
528 2523 559 2556 l·
575 2523 585 2566 ΙΙ
605 2533 682 2566 pras
706 2524 739 2556 in
764 2524 816 2567 Pl}
836 2527 877 2557 22
904 2524 1027 2557 obiecti
1054 2535 1097 2556 ea)
1115 2524 1235 2558 adiecti
1254 2525 1281 2555 Ρ
1295 2523 1306 2564 ΙΙ
1326 2524 1367 2555 23
1393 2521 1501 2555 anima

93 2570 142 2600 est
161 2567 219 2611 Vll
239 2569 285 2611 et]
305 2572 405 2611 atque
425 2568 482 2611 Vll
502 2570 543 2601 29
566 2579 607 2601 an
624 2567 722 2610 PVC,
747 2573 803 2602 aut
823 2569 850 2602 C
866 2568 877 2613 Η
894 2572 935 2603 35
961 2569 1141 2602 societates
1165 2572 1194 2611 (s
1211 2572 1247 2601 ιή
1264 2569 1347 2609 MS.)
1367 2568 1394 2599 Ρ
1409 2566 1421 2610 ΙΙ
1438 2576 1501 2600 neu

94 2612 134 2654 V,
160 2622 201 2645 ne
226 2613 282 2646 PC
302 2613 313 2657 Η
333 2616 375 2648 36
400 2617 583 2646 mutaretur
605 2624 638 2656 p,
664 2618 845 2646 muteretur
870 2615 898 2646 Ρ

1528 283 1557 314 11

1528 675 1564 707 12

1529 845 1564 876 13

1529 957 1565 989 14

1530 1127 1564 1159 15

1531 1519 1565 1552 16

1529 1688 1562 1720 17

1528 2023 1562 2056 18

1524 2251 1560 2284 19
