1709 2885
154 91 205 132 72
650 93 684 127 C.
703 91 906 126 SALLL'STI
931 92 1066 126 CRISPI

151 197 213 237 fici
235 195 353 243 iubet,
374 196 444 235 alia
467 196 594 236 omnia
616 196 780 235 militum
801 195 979 247 praedam
1009 207 1105 235 esse.
1147 208 1187 236 ea
1218 196 1425 236 formidine
1454 197 1563 237 multi

150 253 333 293 mortales
361 252 545 292 Romanis
575 253 690 292 dediti
721 252 899 300 obsides,
930 253 1167 291 frumentum
1200 259 1237 292 et
1256 253 1326 292 alia
1357 266 1454 305 quae
1476 255 1562 293 usui

153 312 281 349 {orent
309 309 450 348 affatim
485 309 677 360 praebita,
715 309 949 360 ubicumque
984 320 1046 348 res
1077 308 1294 360 postulabat
1328 310 1562 360 praesidium

110 374 127 402 7
151 366 377 417 inpositum.
417 378 515 416 quae
536 366 690 416 negotia
711 365 832 403 multo
854 365 974 415 magis
1003 377 1117 416 quain
1145 365 1336 428 proelium
1365 366 1461 405 male
1490 378 1563 428 pu-

110 429 128 462 8
151 428 308 473 gnatum
337 422 384 460 ab
415 423 496 461 suis
524 434 654 473 regem
683 421 892 468 terlebant,
922 421 1066 473 quippe
1102 421 1214 461 cuius
1249 433 1338 473 spes
1369 422 1495 462 omnis
1524 421 1563 461 in
1593 428 1613 460 5

152 479 241 529 suga
263 479 334 518 sita
357 485 458 526 eiat,
481 478 589 529 sequi
614 477 833 529 cogebatur,
857 484 894 517 et
913 477 978 528 qui
1001 490 1068 517 sua
1091 478 1173 517 loca
1195 478 1401 518 dtfendere
1426 478 1564 529 nequi—

109 541 128 574 9
151 540 276 583 verat,
304 535 342 574 in
366 534 501 573 alienis
522 534 665 574 bellum
688 546 835 585 gerere.
875 539 1001 573 tamen
1034 547 1078 574 ex
1100 534 1210 586 copia
1232 534 1334 586 quod
1361 540 1563 586 optumum

149 591 350 630 videbatur
372 591 578 630 consilium
601 591 718 641 capit,
752 590 959 630 exercitum
983 590 1214 642 plerumque
1239 591 1278 630 in
1305 591 1448 631 eisdem
1470 591 1564 630 locis

151 647 323 699 opperiri
340 646 459 696 iubet,
476 647 558 699 ipse
575 659 661 686 cum
680 646 835 686 delectis
851 647 1045 698 equitibus
1060 647 1254 687 Metellum
1267 647 1456 698 sequitur,
1469 659 1563 686 noc-

151 704 278 742 turnis
301 708 337 742 et
357 703 449 742 aviis
470 703 674 742 itineribus
696 704 894 755 ignoratus
915 703 1110 743 Romanos
1132 704 1294 755 palantis
1315 710 1477 754 repente
1497 715 1563 754 ag·
1596 709 1633 742 10

92 767 128 799 10
152 759 337 810 greditur.
379 772 514 798 eorum
536 760 713 811 plerique
729 759 896 799 inermes
913 760 1067 807 cadunt,
1083 761 1193 799 multi
1211 760 1431 811 capiuntur,
1450 771 1562 798 nemo

151 817 326 855 omnium
347 816 514 855 intactus
536 816 720 867 profugit,
743 822 780 854 et
798 816 985 855 Numidae
1006 816 1231 867 priusquam
1255 829 1299 855 ex
1321 816 1456 855 castris
1473 815 1564 855 sub—

149 873 366 920 veniretur,
390 872 503 911 sicuti
524 872 618 911 iussi
640 878 768 921 erant,
791 872 829 911 in
854 885 1063 924 proxumos
1086 873 1194 912 collis
1217 873 1434 912 discedunt.

79 932 127 968 55
264 928 423 967 Interim
444 928 589 968 Romae
619 929 798 980 gaudium
831 929 970 980 ingens
1001 936 1127 968 ortum
1151 929 1317 980 cognitis
1339 928 1479 968 Metelli
1501 940 1563 966 re-

149 984 246 1032 bus,
270 990 312 1023 ut
333 997 453 1036 seque
476 991 512 1024 et
534 986 742 1024 exercitum
772 997 880 1024 more
910 985 1100 1024 maiorum
1129 993 1299 1036 gereret,
1331 985 1371 1024 in
1402 985 1562 1024 advorso
1596 989 1630 1022 15

151 1041 237 1080 loco
260 1041 382 1080 victor
404 1048 530 1080 tamen
553 1041 692 1081 virtute
713 1042 860 1088 suisset,
884 1041 1049 1081 hostium
1075 1054 1167 1092 agro
1198 1042 1402 1093 potiretur,
1424 1041 1563 1091 Iugur-

150 1097 254 1136 tham
284 1098 532 1148 magnificum
557 1110 602 1137 ex
623 1098 751 1137 Albini
780 1097 955 1137 socordia
986 1110 1094 1149 spem
1123 1098 1256 1137 salutis
1286 1099 1324 1136 in
1355 1097 1564 1136 solitudine

108 1159 127 1191 2
149 1159 215 1193 aut
234 1154 324 1204 suga
346 1154 537 1204 coegisset
557 1154 711 1194 habere.
752 1155 880 1205 itaque
901 1160 1059 1193 senatus
1081 1153 1129 1192 ob
1152 1166 1194 1193 ea
1215 1154 1378 1193 feliciter
1399 1159 1480 1193 acta
1506 1153 1564 1192 dis

149 1209 421 1250 inmortalibus
441 1211 632 1262 supplicia
653 1212 877 1258 decernere,
900 1210 1030 1249 civitas
1051 1210 1198 1261 trepida
1219 1216 1329 1250 antea
1351 1214 1389 1249 et
1403 1209 1563 1248 sollicita
1687 1244 1690 1250 ,

107 1272 126 1305 3
151 1266 196 1305 de
218 1266 308 1306 belli
329 1272 467 1305 eventu
489 1267 583 1306 laeta
605 1279 740 1317 agere,
764 1267 811 1306 dc
832 1266 984 1306 Metello
1005 1267 1103 1305 fama
1136 1267 1332 1318 praeclara
1353 1278 1449 1306 esse.
1491 1265 1563 1316 igi·
1591 1271 1633 1304 20
1686 1258 1691 1306 Τ

150 1328 214 1361 tur
245 1334 289 1362 eo
312 1323 499 1362 intentior
520 1324 566 1362 ad
587 1323 783 1362 victoriam
806 1324 897 1369 niti,
921 1323 1101 1363 omnibus
1121 1323 1246 1362 modis
1268 1324 1470 1370 festinare,
1501 1333 1564 1361 ca·
1690 1320 1691 1326 ’

148 1391 237 1418 vere
259 1385 386 1417 tamen
409 1379 551 1418 necubi
572 1379 674 1419 hosti
695 1386 944 1431 opportunus
964 1381 1084 1427 fieret,
1116 1379 1338 1419 meminisse
1366 1385 1453 1431 post
1481 1378 1564 1429 glo-

106 1442 126 1474 4
148 1435 244 1474 riam
266 1435 446 1474 invidiam
469 1437 593 1487 sequi.
635 1437 685 1476 ita
709 1449 785 1488 quo
808 1436 947 1476 clarior
969 1441 1068 1483 erat,
1092 1449 1136 1475 eo
1158 1436 1280 1487 magis
1304 1435 1442 1475 anxius
1471 1440 1564 1479 erat,

150 1504 278 1543 neque
299 1498 388 1543 post
408 1492 567 1532 insi-,iias
588 1493 798 1543 Iugurthae
821 1494 942 1532 effuso
966 1494 1136 1532 exercitu
1159 1493 1355 1543 praedari;
1387 1491 1453 1531 ubi
1483 1491 1565 1530 fru-

150 1554 283 1587 mento
305 1554 371 1586 aut
391 1548 534 1598 pabulo
557 1561 656 1600 opus
678 1557 780 1596 erat,
804 1550 983 1588 cohortes
1005 1561 1093 1588 cum
1116 1549 1220 1588 omni
1252 1549 1422 1600 equitatu
1454 1560 1564 1600 prae·
1596 1552 1636 1585 25
1690 1555 1692 1563 ’

150 1604 291 1643 sidium
312 1603 527 1654 agitabant;
551 1605 742 1644 exercitus
772 1612 920 1656 partem
944 1605 1049 1656 ipse,
1082 1605 1252 1656 reliquos
1272 1605 1418 1644 Marius
1449 1605 1569 1644 duce·-

69 1667 88 1700 5
107 1667 127 1700 6
150 1660 226 1700 bat.
267 1660 334 1700 sed
356 1660 436 1710 igni
458 1661 580 1712 magis
603 1674 717 1713 quam
739 1662 878 1713 praeda
900 1672 991 1711 ager
1023 1661 1250 1701 vastabatur.
1291 1661 1444 1701 duobus
1472 1661 1568 1700 locis

108 1724 125 1755 7
149 1716 251 1756 haud
281 1717 397 1767 longe
426 1717 528 1756 inter
558 1730 599 1756 se
630 1724 753 1757 castra
783 1717 986 1757 faciebant.
1030 1718 1095 1756 ubi
1124 1717 1158 1756 vi
1189 1730 1289 1769 opus
1311 1723 1411 1766 erat,
1437 1717 1568 1756 cuncti

149 1773 318 1812 aderant.
361 1779 534 1812 ceterum
563 1786 640 1825 quo
671 1774 759 1825 fuga
790 1781 906 1825 atque
937 1774 1101 1812 formido
1130 1774 1243 1813 latius
1274 1779 1487 1826 cresceret,
1510 1773 1568 1812 di—

106 1836 125 1869 8
148 1829 251 1868 vorsi
273 1828 449 1880 agebant.
492 1842 536 1869 eo
559 1839 733 1882 tempore
751 1830 937 1881 Iugurtha
958 1842 1030 1881 per
1051 1830 1161 1869 collis
1181 1831 1305 1882 sequi,
1327 1836 1482 1882 tempus
1503 1835 1569 1869 aut
1597 1833 1637 1866 30

149 1885 278 1925 locum
300 1897 455 1937 pugnae
477 1899 685 1937 quaerere,
709 1899 783 1939 qua
804 1892 1010 1926 venturum
1040 1887 1191 1926 hostem
1220 1886 1414 1935 audierat,
1446 1885 1568 1938 pabu-

147 1942 226 1982 lum
250 1948 287 1981 et
307 1954 495 1992 aquarum
516 1943 634 1982 fontis
648 1974 658 1990 ,
679 1955 846 1995 quorum
874 1942 1038 1995 penuria
1062 1950 1162 1992 erat,
1187 1954 1469 1995 conrumpere,
1489 1955 1569 1981 mo-

149 1998 197 2037 do
227 2011 267 2037 se
289 1998 442 2037 Metello
473 1999 670 2038 interdum
689 2000 810 2039 Mario
842 1999 1067 2047 ostendere,
1098 2006 1316 2051 postremos
1346 2000 1385 2038 in
1416 1998 1568 2050 agmine

148 2061 337 2107 temptare
357 2067 402 2094 ac
422 2055 549 2094 statim
572 2055 610 2095 in
634 2056 743 2095 collis
764 2056 943 2106 regredi,
966 2068 1103 2095 rursus
1124 2057 1208 2096 aliis
1228 2062 1316 2108 post
1340 2055 1423 2094 aliis
1452 2055 1568 2094 mini-

150 2111 234 2159 tari,
258 2123 384 2162 neque
406 2111 599 2162 proelium
619 2112 747 2152 facere
768 2125 896 2163 neque
918 2112 1037 2151 otium
1061 2112 1152 2164 pati,
1175 2118 1324 2152 tantum
1354 2111 1468 2151 modo
1498 2111 1566 2150 ho·
1595 2114 1636 2148 35

150 2175 247 2207 stem
268 2166 315 2206 ab
336 2167 492 2219 incepto
515 2168 696 2208 retinere.

75 2226 124 2262 56
262 2223 461 2263 Romanus
497 2224 707 2276 imperator
741 2224 807 2264 ubi
843 2237 884 2265 se
919 2224 1016 2264 dolis
1052 2224 1204 2275 fatigari
1232 2224 1334 2263 videt
1362 2235 1491 2275 neque
1521 2222 1567 2262 al»

149 2281 261 2320 hoste
283 2280 432 2332 copiam
454 2281 653 2332 pugnandi
675 2281 779 2328 fieri,
801 2281 937 2321 urbem
958 2293 1135 2332 magnam
1158 2286 1194 2321 et.
1215 2280 1255 2320 in
1282 2292 1324 2319 ea
1354 2285 1462 2331 parte
1493 2291 1569 2330 qua

149 2338 218 2377 sita
241 2344 322 2376 erat
341 2348 468 2375 arcem
491 2338 599 2388 regni
623 2338 782 2378 nomine
803 2337 954 2377 Zamam
976 2338 1108 2377 statuit
1127 2337 1353 2389 obpugnare
1379 2341 1496 2383 ratus,
1527 2335 1565 2374 id

150 2393 253 2445 quod
291 2392 488 2444 negotium
523 2394 724 2445 poscebat,
753 2394 980 2444 Iuguxtham
1009 2393 1273 2433 laborantibus
1307 2393 1388 2432 suis
1423 2391 1565 2431 auxilio

239 2497 258 2527 5
277 2493 371 2526 cuins
383 2492 447 2528 PC
472 2492 524 2526 cui
544 2492 630 2536 0117
652 2493 747 2536 copia
776 2504 807 2528 z
832 2493 944 2536 inopia
961 2493 1017 2526 PC
1032 2503 1182 2536 qnorum
1206 2502 1296 2524 unus
1318 2503 1335 2533 ς
1361 2491 1475 2534 inopia
1491 2490 1503 2535 ΙΙ
1525 2493 1563 2524 15

149 2542 184 2571 ut
208 2542 289 2580 post
311 2542 439 2580 gereret
464 2539 601 2570 zterane
618 2539 663 2571 ΡΞ
693 2538 705 2582 Η
736 2540 771 2571 17
799 2530 901 2571 albini
927 2538 997 2573 PC
1030 2538 1095 2571 auli
1123 2537 1235 2582 01123
1261 2537 1378 2570 anxius
1403 2540 1473 2569 erat
1498 2535 1565 2577 PC,

150 2594 298 2625 quorum
322 2594 414 2615 unus
438 2583 567 2616 animus
592 2584 710 2617 anxius
735 2586 805 2616 erat
829 2585 964 2626 (itaque
988 2586 1035 2626 z),
1060 2583 1124 2615 alu·
1148 2582 1336 2626 animosior
