1709 2885
27 700 65 732 10

27 981 62 1012 15

21 1542 62 1575 25

21 1823 60 1856 30

551 86 604 119 DE
626 85 760 119 BELLO
784 84 1044 119 IL'GIJRTHINO
1450 83 1500 122 73

95 196 301 230 venturum
322 190 452 241 ibique
473 189 663 240 proelium
687 189 781 227 sore.
822 194 859 227 at
877 188 942 227 ille
963 200 1059 239 quae
1080 187 1315 238 parabantur
1334 199 1354 226 a
1370 188 1501 238 perfu-
1525 194 1542 225 2

97 248 155 297 gis
185 246 364 293 edoctus,
394 245 542 296 magnis
572 245 776 284 itineribus
803 243 996 283 Metellum
1033 244 1238 283 antevenit.
1288 243 1502 294 oppidanos

95 303 271 341 hortatur
290 303 443 341 moenia
464 301 688 348 defendant,
711 301 846 340 additis
867 300 1008 339 auxilio
1029 300 1223 350 perfugis,
1247 300 1348 350 quod
1379 312 1502 350 genus

97 371 141 397 ex
159 358 279 409 copiis
296 359 410 409 regis,
427 358 515 409 quia
531 357 662 396 fallere
678 357 874 407 nequibat,
892 357 1165 395 firmissumum
1184 362 1274 394 erat..
1302 364 1500 406 praeterea

95 414 298 466 pollicetur
320 415 359 453 in
380 421 555 465 tempore
576 418 696 451 semet
718 426 806 451 cum
827 413 994 451 exercitu
1025 412 1168 450 adfore.
1208 412 1258 450 ita
1288 413 1501 462 conpositis
1524 418 1543 451 3

94 470 212 510 rebus
233 471 271 510 in
294 471 375 509 loca
407 483 518 522 quam
548 481 723 508 maxume
754 469 902 508 occulta
925 468 1086 507 discedit
1105 480 1149 507 ac
1173 474 1261 518 post
1290 468 1405 518 paulo
1437 481 1501 507 eo-

96 527 247 576 gnoscit
267 527 429 566 Marium
462 539 506 566 ex
528 526 664 565 itinere
687 526 961 564 frumentatum
991 537 1079 563 cum
1114 524 1246 575 paucis
1276 524 1501 564 cohortibus

94 582 243 622 Siccam
272 584 454 629 missum,
485 582 588 634 quod
618 581 803 633 oppidum
832 581 999 632 primum
1034 581 1207 619 omnium
1242 586 1330 631 post
1364 581 1500 619 malam

94 650 265 689 pugnam
287 640 332 678 ab
352 652 444 690 rege
465 639 669 677 defecerat.
709 650 754 676 eo
776 650 863 676 cum
886 637 1042 676 delectis
1064 636 1260 687 equitibus
1277 645 1394 676 noctu
1411 651 1500 689 per·
1525 643 1544 674 4

96 694 149 745 git
173 701 211 734 et
230 695 303 734 iam
325 694 610 746 egredientibus
632 693 814 732 Romanis
844 695 882 732 in
912 699 1020 743 porta
1050 705 1218 744 pugnam
1248 693 1357 738 facit,
1388 695 1501 733 simul

92 763 230 801 11133113
251 764 343 790 voce
364 752 564 790 Siccenses
587 750 763 788 hortatur
786 750 843 788 1111
874 748 1046 788 cohortis
1076 749 1121 788 ab
1150 755 1258 799 tergo
1290 749 1502 789 circumve-

94 807 220 846 niant:
241 807 435 846 fortunam
457 807 531 845 illis
550 806 736 857 praeclari
759 806 940 844 facinoris
971 818 1100 844 63511111
1129 805 1230 844 (1316.
1269 805 1301 844 51
1332 805 1368 843 id
1401 807 1502 845 fece-

93 863 191 910 rint,
220 870 354 914 postea
383 876 466 901 sese
496 863 536 901 in
565 875 707 913 regno,
739 862 824 900 illos
845 863 883 900 in
906 861 1080 900 libertate
1111 862 1194 901 sine
1215 868 1319 900 metu
1341 868 1500 902 aetatem

93 925 258 958 acturos.
299 932 342 958 ac
371 920 411 958 ni
432 919 575 957 Marius
605 919 714 969 signa
745 918 889 957 inferre
920 924 1033 970 atque
1064 918 1222 957 evadere
1243 918 1387 969 oppido
1409 931 1500 971 pro·
1524 926 1541 956 5

92 975 312 1026 peravisset,
334 976 508 1026 profecto
530 976 661 1014 cuncti
682 980 746 1013 aut
766 986 903 1024 magna
924 987 1013 1025 pars
1029 974 1270 1013 Siccensium
1286 975 1399 1013 fidem
1416 988 1502 1015 mu-

91 1032 291 1070 tavissent:
314 1038 416 1071 tanta
438 1031 647 1070 mobilitate
668 1044 752 1070 sese
772 1031 957 1070 Numidae
988 1037 1139 1081 gerunt.
1181 1031 1248 1069 sed
1275 1031 1417 1070 milites
1439 1032 1501 1070 Iu·
1525 1038 1544 1070 6

93 1088 264 1137 3011111111
285 1088 484 1139 paulisper
505 1088 550 1126 ab
572 1100 663 1138 rege
685 1087 900 1134 sustentati,
922 1093 1127 1138 postquam
1150 1087 1294 1125 maiore
1316 1088 1350 1125 vi
1371 1088 1502 1127 hostes

92 1149 252 1194 urgent,
288 1144 421 1195 paucis
456 1144 604 1182 amissis
639 1144 793 1195 profugi
828 1144 1042 1182 discedunt.
1082 1143 1227 1182 Marius
1271 1143 1314 1182 ad
1351 1143 1502 1183 Zamam
1527 1149 1572 1184 57

92 1211 162 1250 1161
165 1200 277 1238 venit
318 1200 355 1238 id
377 1200 593 1251 oppidum
585 1213 624 1238 111
646 1212 781 1251 63111110
803 1200 918 1238 51111111
939 1200 1059 1250 1113315
1082 1211 1199 1262 opere
1221 1212 1333 1250 quam
1366 1209 1503 1240 natura

92 1256 286 1295 munitum
308 1261 399 1302 erat,
424 1256 568 1295 nullius
589 1256 750 1295 idoneae
770 1256 826 1294 rei
849 1268 987 1306 egens,
1010 1256 1125 1294 almis
1145 1256 1315 1306 virisque
1337 1257 1498 1307 opulen-

92 1317 185 1351 tum.
222 1312 341 1362 igitur
360 1312 535 1351 Metellus
555 1325 625 1363 pro
646 1319 822 1364 tempore
840 1318 953 1363 atque
968 1312 1054 1350 loco
1072 1312 1213 1363 paratis
1230 1311 1346 1350 rebus
1364 1319 1502 1352 cuncta
1525 1321 1543 1353 2

90 1368 243 1407 moenia
264 1369 434 1407 exercitu
457 1369 728 1415 circumvenit,
751 1369 884 1419 legatis
906 1369 1067 1419 imperat
1098 1368 1165 1406 ubi
1195 1367 1361 1418 quisque
1391 1382 1502 1409 cura-

90 1433 159 1464 ret.
201 1424 339 1463 deinde
361 1425 472 1475 signo
495 1426 580 1464 dato
602 1425 776 1475 undique
798 1424 912 1463 simul
937 1425 1082 1463 clamor
1110 1424 1250 1475 ingens
1280 1424 1403 1464 oritur
1434 1439 1503 1466 ne·
1526 1434 1544 1465 3

90 1493 165 1532 que
186 1493 229 1519 63
249 1493 312 1519 165
332 1480 514 1519 Numidas
537 1487 673 1520 terret:
697 1481 837 1519 infensi
860 1481 1078 1531 intentique
1099 1480 1182 1518 sine
1213 1481 1382 1519 tumultu
1422 1494 1502 1521 ma-

91 1542 197 1584 nent,
219 1536 411 1587 proelium
433 1537 632 1588 incipitur.
672 1536 836 1575 Romani
858 1548 928 1587 pro
946 1536 1102 1587 ingenio
1120 1536 1285 1587 quisque
1303 1549 1391 1587 pars
1409 1538 1501 1576 emi·
1525 1547 1545 1578 4

90 1606 164 1633 1105
186 1593 322 1644 glande
343 1598 408 1631 aut
428 1593 620 1644 lapidibus
642 1605 828 1644 pugnare,
849 1593 911 1632 alii
928 1592 1136 1631 succedere
1152 1605 1196 1631 ac
1212 1604 1368 1631 murum
1386 1594 1501 1633 modo

89 1649 294 1688 subfodere
315 1649 429 1687 modo
451 1649 563 1688 scalis
584 1648 760 1700 aggredi,
784 1661 925 1700 cupere
948 1649 1139 1699 proelium
1170 1649 1209 1687 111
1238 1649 1417 1689 1113011105
1445 1651 1502 1690 fa-

90 1718 190 1745 cere.
231 1711 367 1744 contra
388 1718 430 1744 63
451 1706 632 1756 oppidani
656 1706 695 1744 in
718 1717 929 1755 proxumos
951 1717 1039 1743 saxa
1063 1704 1236 1751 volvere,
1267 1705 1381 1744 sudes
1410 1707 1500 1757 pila,
1524 1717 1542 1746 5

88 1767 285 1813 praeterea
307 1762 432 1813 picem
455 1762 643 1812 sulphure
666 1769 703 1800 et
723 1761 831 1800 taeda
853 1761 1007 1799 mixtam
1030 1760 1200 1799 ardentia
1227 1760 1393 1800 mittere.
1434 1764 1500 1802 sed
1524 1771 1542 1802 6

90 1830 140 1857 ne
161 1817 248 1857 illos
269 1818 446 1868 quidem,
469 1818 534 1868 qui
556 1818 694 1869 procul
715 1824 957 1864 manserant,
977 1817 1093 1855 timor
1114 1817 1232 1855 animi
1253 1817 1343 1856 satis
1370 1819 1500 1857 muni-

88 1880 204 1913 verat.
247 1885 334 1911 nam
356 1873 565 1924 plerosque
586 1873 707 1912 iacula
728 1873 931 1912 tormentis
960 1879 1024 1911 aut
1051 1884 1170 1911 manu
1204 1873 1342 1912 emissa
1368 1874 1502 1914 volne-

88 1929 223 1969 rabant
244 1929 406 1980 parique
429 1929 603 1980 periculo
624 1930 690 1968 sed
711 1930 809 1968 fama
830 1929 956 1981 inpari
977 1929 1069 1967 boni
1091 1935 1205 1980 atque
1231 1929 1356 1980 ignavi
1382 1936 1501 1970 erant.

200 1985 300 2024 Dum
320 1985 421 2036 apud
445 1985 594 2024 Zamam
619 1986 675 2024 sic
705 1991 874 2025 certatur
890 2017 898 2032 ,
921 1985 1105 2036 Iugurtha
1136 1998 1182 2024 ex
1211 1985 1410 2037 inproviso
1440 2000 1501 2027 ca·
1525 1992 1571 2028 58

89 2047 166 2080 stra
185 2041 359 2080 hostium
381 2053 469 2079 cum
489 2053 626 2091 magna
646 2054 762 2081 manu
785 2042 938 2088 invadit,
961 2041 1132 2081 remissis
1155 2041 1222 2092 qui
1243 2042 1282 2080 in
1308 2043 1500 2093 praesidio

89 2103 199 2136 erant
219 2103 257 2136 et
277 2097 405 2136 omnia
421 2097 542 2148 magis
571 2110 686 2148 quam
714 2098 906 2149 proelium
937 2097 1229 2149 expectantibus
1258 2105 1409 2149 portam
1439 2101 1499 2139 in-

86 2153 246 2206 rumpit.
286 2159 323 2193 at
349 2154 471 2192 nostri
492 2154 697 2205 repentino
718 2160 823 2194 metu
843 2154 1012 2206 perculsi
1033 2153 1105 2192 sibi
1127 2154 1293 2205 quisque
1314 2167 1385 2206 pro
1416 2168 1498 2195 mo·
1523 2165 1540 2196 2

88 2209 197 2249 ribus
218 2210 448 2249 consulunt:
472 2210 534 2248 alii
554 2210 687 2261 fugere
708 2211 770 2249 alii
792 2223 894 2250 arma
917 2223 1074 2262 capere,
1097 2221 1234 2261 magna
1256 2223 1344 2262 pars
1364 2212 1498 2251 volne-

88 2266 159 2305 rati
185 2272 250 2305 301
270 2266 400 2305 066151.
442 2271 613 2305 0616111111
634 2279 679 2306 ex
700 2266 805 2306 omni
826 2267 1072 2307 multitudine
1101 2279 1180 2305 non
1210 2267 1375 2318 3111111105
1404 2281 1498 2319 (1113-
1520 2277 1539 2309 3

181 2379 222 2410 14
246 2381 380 2409 acturos
406 2387 450 2408 ew
474 2381 627 2410 auctores
643 2376 699 2420 Pn
719 2380 758 2411 16
783 2383 901 2420 gerunt
927 2377 990 2417 PC,
1015 2381 1117 2419 agunt
1139 2376 1189 2419 CH
1214 2379 1251 2410 18
1270 2376 1444 2412 discedunt
1463 2391 1498 2422 p,

89 2421 229 2454 discedit
246 2422 276 2453 P
291 2422 302 2463 u
320 2422 361 2455 26
388 2421 443 2454 alii
469 2420 646 2454 succedere
663 2432 702 2454 ac
718 2422 780 2463 PC,
807 2422 862 2455 alii
888 2421 1029 2455 euadere
1055 2427 1111 2454 aut
1136 2422 1190 2453 vel
1212 2422 1268 2454 alii
1287 2423 1427 2457 euadere
1446 2425 1500 2458 1161

89 2466 267 2499 succedere
287 2466 343 2499 uel
359 2476 488 2499 murum
506 2466 684 2499 ascendere
701 2477 740 2499 ac
758 2467 784 2500 C
798 2468 988 2500 deteriores
1003 2467 1014 2510 ss
1035 2468 1075 2499 28
1093 2467 1262 2508 proximos
1282 2467 1315 2502 C.
1340 2470 1498 2510 proximis

88 2510 172 2554 1³01]
188 2512 229 2544 29
254 2511 363 2553 picem
388 2511 546 2553 sulphure
572 2514 604 2543 et
629 2511 732 2544 teda*
759 2512 843 2551 (fnit
866 2512 944 2545 ceda
959 2514 990 2551 ι)
1015 2512 1119 2544 mixti
1143 2511 1293 2544 ardentia
1318 2514 1449 2547 mittere
1474 2516 1504 2547 P

89 2559 122 2588 et
143 2558 193 2588 sie
215 2555 291 2594 fere
317 2556 350 2598 C,
374 2559 444 2588 nisi
468 2556 562 2598 qnod
585 2556 716 2589 taedam
739 2558 816 2597 (aut
839 2558 917 2598 tela)
943 2560 975 2589 ei
999 2556 1127 2589 ardenti
1153 2560 1203 2589 est
1224 2559 1261 2588 in
1286 2568 1355 2590 non
1379 2560 1485 2592 nullis
