1709 2885
628 82 785 117 ORATIO
810 84 989 118 PHILIPPI
1434 86 1451 123 1
1463 86 1511 124 15

95 186 242 226 bellum
258 197 305 226 ex
326 186 426 226 bello
449 192 605 234 serunt,
627 186 830 226 Saturnini
851 186 962 235 olim,
995 193 1083 238 post
1104 187 1274 239 Sulpici,
1306 189 1393 228 dein
1415 190 1511 229 Mari

96 243 417 295 Damasippique,
449 255 555 282 nunc
584 242 719 293 Lepidi
741 242 936 282 satellites.
991 250 1187 294 praeterea
1209 244 1366 284 Etruria
1395 253 1511 297 atque

96 311 231 338 omnes
252 299 437 351 reliquiae
461 299 552 338 belli
572 305 754 344 arrectae,
779 298 984 350 Hispaniae
1005 300 1122 338 armis
1138 300 1337 349 sollicitae,
1359 301 1510 341 Mithri-

96 356 202 395 dates
232 356 272 394 in
303 355 420 394 latere
440 355 681 406 vectigalium
714 361 959 404 nostrorum,
991 356 1132 407 quibus
1161 356 1287 395 adhuc
1317 363 1511 398 sustenta-

93 424 194 459 mur,
226 412 327 450 diem
347 411 449 450 bello
471 410 755 461 circumspicit3
787 412 881 462 quin
907 417 1061 463 praeter
1080 412 1264 451 idoneum
1290 413 1426 452 ducem
1450 414 1509 453 ni-

92 468 147 507 hil
167 466 274 507 abest
295 467 341 506 ad
371 468 679 506 subvortundum
709 467 928 518 imperium.
978 468 1080 520 quod
1111 480 1182 519 ego
1203 481 1270 508 vos
1292 481 1360 508 oro
1390 476 1507 521 atque

92 524 275 573 obsecro,
305 530 434 575 patres
456 523 678 575 conscripti,
702 529 744 561 ut
765 524 1097 572 animadvortatis,
1134 537 1211 564 neu
1242 526 1440 577 patiamini
1461 525 1507 564 li-

91 580 256 620 centiam
285 580 477 619 scelerum
501 580 609 631 quasi
642 579 785 618 rabiem
807 581 853 618 ad
875 581 1049 632 integros
1082 587 1262 621 contactu
1294 582 1507 634 procedere

91 648 180 676 nam
199 636 265 675 ubi
287 637 408 675 malos
430 636 598 688 praemia
620 641 819 683 secuntur,
849 637 951 675 haud
971 637 1081 676 facile
1111 638 1317 688 quisquam
1339 639 1505 690 gratuito

24 697 62 731 10
88 692 218 731 bonus
240 700 309 732 est.
350 706 398 732 an
420 692 642 743 expectatis,
672 692 764 730 dum
785 693 955 732 exercitu
977 705 1114 733 rursus
1135 694 1288 732 admoto
1317 695 1422 734 ferro
1448 701 1504 734 at-

21 979 57 1012 15

87 761 163 800 que
183 749 335 788 flamma
366 749 502 788 urbem
525 746 708 787 invadat?
740 748 843 799 quod
864 749 986 788 multo
1015 749 1179 801 propius
1201 756 1258 789 est
1279 750 1325 789 ab
1358 763 1402 790 eo
1425 763 1502 802 quo

86 805 203 855 agitat
223 811 338 853 statu,
370 817 484 856 quam
515 816 561 842 ex
592 816 685 855 pace
718 810 753 842 et
784 805 989 844 concordia
1019 806 1064 845 ad
1095 818 1199 845 arma
1230 806 1371 846 civilia:
1405 820 1502 859 quae

85 861 150 900 ille
180 861 384 900 advorsum
405 860 530 899 divina
562 867 598 899 et
619 860 787 900 humana
816 861 945 900 omnia
976 862 1093 913 cepit,
1124 875 1204 901 non
1235 875 1308 913 pro
1339 876 1408 902 sua
1437 870 1502 903 aut

85 929 254 967 quorum
287 917 441 956 simulat
470 916 612 955 iniuria
643 917 710 955 sed
741 916 870 967 legum
909 930 952 956 ae
988 917 1175 957 libertatis
1204 919 1504 959 subvortundae.

85 974 213 1024 agitur
229 974 332 1013 enim
356 986 399 1012 ac
421 973 611 1013 laceratur
627 973 743 1011 animi
761 973 943 1024 cupidine
962 980 998 1013 et
1014 986 1203 1014 noxarum
1225 981 1343 1020 metu,
1366 988 1505 1027 expers

85 1029 238 1077 consili,
259 1029 428 1081 inquies,
448 1029 544 1068 haec
559 1036 672 1080 atque
694 1029 756 1067 illa
773 1035 978 1081 temptans.
1009 1031 1147 1070 metuit
1169 1032 1303 1079 otium,
1327 1032 1406 1070 odit
1421 1032 1504 1072 bel-

83 1085 184 1134 lum,
217 1086 309 1125 luxu
331 1092 447 1136 atque
468 1085 622 1124 licentia
644 1085 854 1124 carendum
884 1086 984 1125 videt
1004 1091 1120 1137 atque
1141 1087 1298 1126 interim
1330 1088 1501 1128 abutitur

82 1148 210 1182 vostra
227 1142 414 1181 socordia.
465 1154 592 1192 neque
615 1141 709 1180 mihi
730 1142 822 1180 satis
838 1142 975 1181 consili
993 1148 1062 1190 est,
1084 1149 1231 1182 metum
1246 1156 1294 1183 an
1311 1144 1500 1195 ignaviam

83 1210 132 1237 an
149 1198 381 1237 dementiam
400 1210 481 1236 eam
497 1197 700 1249 appellem,
719 1198 785 1249 qui
801 1198 983 1238 videmini
998 1205 1104 1238 tanta
1116 1200 1213 1239 mala
1230 1201 1340 1251 quasi
1352 1201 1499 1240 fulmen

85 1260 220 1305 optare
241 1267 282 1294 se
305 1255 471 1306 quisque
493 1267 541 1292 ne
563 1254 736 1305 attingat,
765 1254 831 1293 sed
853 1254 1060 1306 prohibere
1079 1269 1128 1295 ne
1150 1257 1283 1295 conari
1305 1257 1471 1308 quidem.

193 1311 242 1350 Et
273 1323 416 1361 quaeso
448 1310 712 1358 considerate,
745 1323 859 1362 quam
886 1323 1071 1350 convorsa
1101 1324 1235 1351 rerum
1266 1319 1404 1352 natura
1433 1314 1495 1352 sit.

79 1375 191 1407 antea
211 1367 354 1406 malum
384 1366 585 1418 publicum
608 1366 778 1413 occulte,
811 1366 948 1406 auxilia
969 1367 1093 1419 palam
1114 1368 1431 1417 instruebantur,
1463 1377 1500 1409 et

81 1436 126 1462 eo
148 1423 240 1462 boni
262 1423 383 1463 malos
403 1423 513 1461 facile
535 1422 751 1462 anteibant:
776 1435 882 1462 nunc
901 1436 976 1474 pax
992 1430 1030 1463 et
1050 1425 1258 1464 concordia
1279 1425 1500 1465 disturban—

82 1485 145 1519 tur
164 1480 313 1531 palam,
347 1479 611 1518 defenduntur
641 1478 803 1517 occulte.
845 1479 988 1529 quibus
1019 1480 1081 1518 illa
1111 1481 1288 1532 placent,
1321 1481 1360 1520 in
1383 1482 1499 1521 armis

82 1541 186 1582 sunt,
217 1548 283 1575 vos
303 1537 343 1574 in
364 1543 483 1575 metu.
535 1535 626 1585 quid
649 1533 888 1586 expectatis?
921 1535 997 1574 nisi
1026 1536 1127 1575 forte
1148 1537 1268 1588 pudet
1297 1545 1363 1576 aut
1391 1538 1498 1589 piget

1534 252 1555 284 8

1533 476 1552 507 9

1532 701 1567 732 10

1529 814 1563 846 11

1528 1151 1563 1183 12

1527 1320 1563 1353 13

79 1597 183 1631 recte
205 1592 342 1631 facere.
383 1604 431 1631 an
453 1591 588 1642 Lepidi
609 1591 785 1630 mandata
807 1592 956 1630 animos
976 1591 1160 1631 movere?
1182 1593 1249 1644 qui
1269 1593 1424 1644 placere
1445 1595 1496 1633 ait
1522 1602 1560 1634 14

79 1660 148 1687 sua
169 1648 310 1699 cuique
330 1648 438 1687 reddi
460 1653 497 1687 et
512 1648 636 1687 aliena
656 1653 774 1693 tenet,
795 1647 885 1686 belli
908 1647 992 1686 iura
1015 1649 1198 1697 rescindi,
1222 1662 1310 1688 cum
1332 1650 1414 1701 ipse
1435 1663 1495 1689 ar-

78 1705 151 1743 mis
173 1712 296 1754 cogat,
320 1704 509 1743 civitatem
526 1704 760 1750 confirmari,
784 1703 926 1754 quibus
947 1704 1163 1756 ademptam
1180 1711 1307 1756 negat,
1330 1718 1494 1745 concor—

79 1760 161 1799 diae
183 1761 302 1812 gratia
330 1760 457 1812 plebei
488 1760 721 1799 tribunicam
750 1765 981 1810 potestatem
1001 1761 1165 1809 restitui,
1196 1773 1242 1800 ex
1263 1774 1338 1812 qua
1359 1774 1494 1802 omnes

78 1817 290 1856 discordiae
321 1829 518 1855 accensae.
577 1827 758 1866 pessume
790 1815 964 1854 omnium
994 1822 1109 1867 atque
1139 1817 1492 1868 inpudentissume,
1521 1827 1556 1859 15

75 1873 196 1912 tibine
219 1878 367 1923 egestas
383 1873 522 1910 civium
541 1877 577 1910 et
597 1871 725 1910 luctus
748 1883 862 1911 curae
883 1870 1004 1912 sunt?
1027 1873 1090 1911 cui
1106 1873 1203 1912 nihil
1224 1879 1282 1913 est
1297 1874 1400 1913 domi
1417 1875 1491 1913 nisi

75 1929 193 1967 armis
213 1934 364 1980 partum
387 1934 452 1967 aut
472 1939 543 1979 per
563 1927 757 1966 iniuriam.
797 1928 959 1966 alterum
981 1930 1229 1968 consulatum
1249 1930 1362 1981 petis,
1385 1931 1494 1981 quasi

74 1985 245 2036 primum
260 1984 486 2030 reddideris,
508 1983 610 2022 bello
628 1984 874 2023 concordiam
892 1985 1058 2036 quaeris,
1080 1998 1157 2036 quo
1175 1991 1283 2037 parta
1300 1986 1493 2026 disturba—

75 2046 152 2089 tur,
184 2041 306 2079 nostri
338 2040 526 2092 proditor,
557 2039 640 2078 istis
662 2039 816 2088 infidus,
847 2040 969 2079 hostis
1001 2042 1175 2081 omnium
1194 2042 1401 2082 bonorum.
1451 2051 1492 2082 ut

74 2104 112 2136 te
133 2109 261 2148 neque
279 2097 484 2136 hominum
500 2108 627 2147 neque
643 2096 804 2135 deorum
819 2097 951 2148 pudet,
974 2109 1072 2149 quos
1094 2111 1164 2149 per
1180 2098 1294 2137 fidem
1314 2106 1380 2138 aut
1401 2112 1490 2150 per—

34 2186 37 2190 .
75 2153 177 2192 iurio
198 2153 368 2199 violasti!
420 2153 486 2203 qui
509 2152 662 2204 quando
685 2153 771 2191 talis
794 2165 846 2200 es,
878 2166 1033 2193 maneas
1055 2155 1095 2193 in
1117 2155 1309 2194 sententia
1340 2162 1377 2194 et
1398 2157 1489 2194 reti·
1517 2162 1552 2194 16

77 2221 170 2249 neas
192 2221 296 2248 arma
325 2215 363 2248 te
384 2208 520 2248 hortor
540 2221 617 2248 neu
646 2209 885 2259 prolatandis
916 2210 1185 2258 seditionibus,
1217 2211 1371 2262 inquies
1392 2212 1488 2263 ipse,

74 2278 147 2304 nos
166 2266 208 2304 in
239 2265 500 2305 sollicitudine
529 2265 703 2304 attineas.
765 2278 892 2317 neque
914 2272 951 2305 te
981 2267 1204 2317 provinciae
1225 2280 1354 2319 neque
1385 2268 1490 2320 leges

163 2377 181 2406 7
207 2385 272 2408 neu
296 2377 412 2407 neseio
438 2377 515 2417 quis
535 2377 672 2416 primus
695 2377 834 2409 dederit
856 2375 918 2416 (cf.
944 2376 1015 2409 Cat.
1033 2378 1087 2417 51,
1111 2376 1154 2409 43
1179 2388 1229 2409 or.
1254 2378 1370 2410 illam-i
1394 2381 1410 2412 Ι
1437 2391 1486 2422 ep.

72 2421 189 2462 Pomp.
206 2421 243 2461 8)
255 2432 265 2451 .·
290 2430 332 2452 ne
349 2420 386 2453 V
399 2419 411 2463 Η
430 2422 469 2452 15
488 2420 597 2461 agitur
615 2420 655 2463 V,
672 2422 805 2464 angitur
821 2432 851 2463 z,
870 2420 1007 2465 Aldnsu
1031 2423 1069 2454 19
1088 2425 1180 2455 tanta
1200 2422 1357 2465 Orellius,
1383 2424 1487 2457 itanta

74 2464 116 2505 V,
140 2465 268 2497 intenta
293 2465 404 2497 Aldus
422 2464 492 2508 {129
518 2464 629 2507 plebei
653 2466 864 2499 tribuniciam
889 2470 1092 2508 potestatem
1115 2467 1223 2500 Pm‘sc.
1242 2468 1306 2500 vol.
1324 2469 1344 2500 I
1358 2480 1394 2511 p.
1410 2469 1488 2511 243,

73 2509 184 2552 plebei
209 2520 273 2542 om.
295 2509 354 2553 Vu
373 2511 416 2543 38
441 2510 648 2552 provinciae]
674 2522 694 2553 p
710 2538 716 2544 .
730 2510 779 2544 Ro
794 2538 800 2544 .
815 2511 936 2544 indicia
950 2513 965 2542 ?
988 2511 1102 2544 Jsadv.
1125 2512 1212 2545 Adv.
1235 2512 1267 2553 2,
1283 2512 1368 2553 29.3;
1392 2524 1485 2557 prov,

73 2555 303 2597 magistratum
328 2555 468 2587 Dz‘etselz

1179 2614 1226 2646 S*
