1709 2885
200 94 278 133 122
654 97 709 130 Ex
736 97 940 132 SALLUSTI
964 98 1172 133 HISTORIIS

199 207 280 240 tum
301 211 436 252 pacem
453 212 580 251 agere,
603 200 692 239 dein
715 201 820 251 quod
851 201 1051 252 quaesitur
1072 202 1216 242 satisne
1236 203 1344 254 pium
1375 209 1501 243 tutum
1533 204 1616 255 glo-

153 260 172 293 2
197 257 343 296 riosum
365 269 412 295 an
435 257 664 296 indecorum
686 258 746 295 sit.
795 256 825 308 †
846 256 913 296 tibi
936 257 967 296 si
989 265 1176 310 perpetua
1198 271 1292 310 pace
1314 260 1390 299 frui
1411 260 1519 309 licet,
1542 260 1617 300 nisi

197 315 329 352 hostes
352 313 567 365 opportuni
589 319 626 353 et
642 313 934 362 scelestissumi,
964 315 1117 366 egregia
1138 315 1250 363 fama,
1273 315 1305 354 si
1326 315 1522 356 Romanos
1544 329 1616 369 op-

197 370 399 422 presseris,
423 370 551 408 futura
574 375 643 409 est.
685 381 813 421 neque
835 377 968 421 petere
987 371 1149 410 audeam
1171 371 1392 411 societatem
1414 379 1451 412 et
1472 372 1616 413 frustra

154 429 172 460 3
195 426 293 465 mala
309 438 393 464 mea
411 438 498 464 cum
514 425 717 465 bonistuis
733 426 888 465 misceri
902 439 1068 478 sperem.
1100 433 1215 479 atque
1232 441 1287 475 ea,
1305 440 1403 479 quae
1419 435 1456 468 te
1473 429 1616 469 morari

196 495 311 534 posse
332 482 525 529 videntur,
549 483 602 522 ira
624 483 662 521 in
681 482 888 533 Tigranem
910 484 1077 523 recentis
1098 484 1186 523 belli
1210 490 1246 523 et
1267 497 1374 524 meae
1394 497 1457 524 res
1478 497 1616 537 parum

153 542 172 574 4
197 551 420 590 prosperae,
453 539 484 577 si
505 551 592 578 vera
624 539 855 578 existumare
876 540 1002 588 voles,
1039 553 1215 580 maxume
1236 541 1510 581 hortabuntur.
1552 541 1616 582 ille

197 596 299 634 enim
322 595 514 635 obnoxius
536 595 688 646 qualem
710 603 752 635 tu
773 596 878 635 voles
898 597 1122 636 societatem
1137 597 1313 648 accipiet,
1334 598 1426 637 mihi
1445 598 1614 646 fortuna,

196 652 327 691 multis
352 651 471 690 rebus
489 652 647 703 ereptis,
674 664 787 691 usum
813 652 918 692 dedit
939 652 1037 692 bene
1058 654 1244 692 suadendi
1268 660 1316 702 et,
1347 654 1451 704 quod
1472 654 1616 694 floren-

196 708 298 748 tibus
320 707 487 760 optabile
510 714 580 755 est,
605 720 675 759 ego
701 720 780 747 non
800 709 1070 748 validissumus
1089 710 1255 761 praebeo
1279 710 1510 762 exemplum,
1538 722 1615 762 quo

153 768 171 799 5
195 766 340 804 rectius
361 770 426 803 tua
448 777 661 816 conponas.
703 777 871 816 namque
891 765 1075 805 Romanis
1105 778 1194 805 cum
1217 766 1439 805 nationibus
1460 766 1617 819 populis

195 821 353 872 regibus
370 821 522 860 cunctis
538 833 615 860 una
633 826 670 860 et
686 833 728 860 ea
744 827 852 861 vetus
869 834 983 861 causa
1000 822 1166 862 bellandi
1178 828 1248 869 est,
1264 822 1405 874 cupido
1422 823 1616 874 protunda

197 878 333 930 imperi
356 882 392 916 et
413 877 644 916 divitiarum.
687 890 760 929 qua
783 878 908 930 primo
932 891 1019 917 eum
1045 890 1135 928 rege
1156 879 1412 918 Macedonum
1435 879 1616 931 Philippo

151 936 171 968 6
194 934 339 973 bellum
368 946 593 985 sumpsere,
624 935 714 973 dum
745 947 765 973 a
788 933 1170 985 Carthaginiensibus
1200 935 1491 986 premebantur,
1520 936 1615 974 ami-

194 991 321 1030 citiam
339 990 578 1030 simulantes.
615 991 647 1030 ei
670 991 962 1030 subvenientem
980 991 1216 1030 Antiochum
1232 992 1485 1031 concessione
1505 992 1617 1031 Asiae

194 1060 265 1098 per
285 1047 417 1086 dolum
438 1053 634 1095 avortere,
665 1059 708 1086 ac
729 1060 817 1086 mox
839 1048 960 1087 fracto
983 1046 1162 1098 Philippo
1184 1048 1401 1087 Antiochus
1422 1048 1528 1087 omni
1560 1048 1615 1088 cis

150 1107 167 1137 7
193 1103 364 1143 Taurum
387 1116 479 1155 agro
503 1111 541 1144 et
561 1103 694 1143 decem
718 1104 874 1143 milibus
894 1104 1132 1142 talentorum
1156 1103 1343 1155 spoliatus
1364 1109 1433 1143 est.
1469 1104 1616 1143 Persen

194 1160 333 1199 deinde
362 1159 534 1211 Philippi
567 1159 686 1199 filium
718 1166 806 1212 post
835 1161 952 1199 multa
977 1165 1013 1199 et
1042 1160 1142 1199 varia
1175 1160 1384 1199 certamina
1413 1160 1515 1212 apud
1547 1160 1616 1200 Sa-

193 1217 412 1255 mothracas
434 1216 526 1255 deos
547 1223 748 1268 acceptum
772 1217 810 1255 in
835 1217 946 1255 fidem
970 1216 1094 1255 callidi
1117 1222 1154 1255 et
1176 1223 1398 1268 repertores
1420 1216 1615 1268 perfidiae,

149 1276 168 1307 8
193 1273 282 1324 quia
304 1280 416 1324 pacto
438 1273 552 1312 vitam
576 1273 776 1320 dederant,
798 1273 1004 1312 insomniis
1026 1272 1216 1312 occidere.
1252 1273 1481 1320 Eumenem,
1504 1273 1615 1312 cuius

191 1329 397 1368 amicitiam
417 1329 586 1380 gloriose
603 1334 812 1377 ostentant,
829 1329 938 1368 initio
956 1329 1162 1381 prodidere
1173 1329 1380 1377 Antiocho,
1398 1330 1504 1381 pacis
1513 1342 1615 1369 mer—

192 1386 345 1433 cedem3
368 1391 472 1437 post,
493 1386 666 1425 habitum
685 1386 884 1425 custodiae
903 1386 985 1436 agri
1008 1385 1159 1437 captivi,
1181 1386 1401 1437 sumptibus
1418 1393 1456 1425 et
1476 1392 1616 1425 contu-

191 1442 316 1481 meliis
339 1455 384 1481 ex
406 1455 497 1493 rege
515 1444 791 1482 miserrumum
808 1452 1008 1481 servorum
1026 1443 1200 1489 effecere,
1223 1443 1483 1494 simulatoque
1508 1442 1615 1494 inpio

192 1504 438 1546 testamento,
461 1499 582 1538 filium
605 1500 688 1538 eius
711 1499 989 1547 Aristonicum,
1020 1499 1107 1550 quia
1130 1499 1296 1550 patrium
1328 1511 1494 1550 regnum
1516 1499 1616 1551 peti-

148 1558 167 1590 9
192 1561 307 1602 verat,
330 1555 499 1594 hostium
516 1567 624 1594 more
646 1567 716 1607 per
735 1556 974 1606 triumphum
993 1555 1150 1600 duxere;
1173 1555 1261 1594 Asia
1276 1555 1323 1594 ab
1345 1556 1441 1607 ipsis
1458 1555 1615 1595 obsessa

192 1618 261 1651 est.
298 1617 494 1663 postremo
512 1611 743 1663 Bithyniam,
760 1611 969 1650 Nicomede
986 1617 1155 1659 mortuo,
1177 1612 1385 1663 diripuere,
1410 1624 1497 1651 cum
1513 1612 1616 1651 filius

131 1671 169 1703 10
192 1667 305 1719 Nysa,
329 1680 443 1719 quam
465 1668 639 1718 reginam
661 1668 929 1719 appellaverat,
953 1669 1107 1719 genitus
1128 1668 1230 1707 haud
1251 1667 1366 1707 dubie
1389 1675 1501 1708 esset.

304 1724 399 1763 Nam
423 1724 514 1775 quid
537 1735 608 1773 ego
629 1737 691 1763 me
711 1722 932 1775 appellem?
963 1736 1078 1775 quem
1109 1724 1324 1763 diiunctum
1359 1724 1532 1776 undique
1553 1737 1615 1764 re-

194 1781 280 1831 gnis
303 1786 340 1819 ct
361 1781 580 1820 tetrarchiis
601 1780 647 1819 ab
670 1780 834 1832 imperio
857 1792 1013 1829 eorum,
1040 1780 1128 1832 quia
1150 1781 1248 1819 fama
1269 1787 1349 1820 erat
1370 1781 1522 1820 divitem
1546 1793 1615 1821 ne-

192 1849 267 1888 que
289 1837 524 1876 serviturum
547 1849 644 1883 esse,
667 1849 738 1888 per
752 1836 1002 1876 Nicomedem
1016 1837 1117 1876 hello
1145 1837 1434 1885 lacessiverunt,
1456 1837 1613 1877 sceleris

191 1906 327 1932 eorum
358 1894 461 1932 haud
490 1894 668 1943 ignarum
692 1899 729 1932 et
760 1906 802 1932 ea
832 1906 930 1944 quae
957 1893 1145 1942 accidere,
1176 1899 1358 1932 testatum
1388 1899 1500 1933 antea
1522 1893 1614 1934 Cre-

192 1951 325 1997 tensis,
344 1950 448 1988 solos
464 1949 639 1988 omnium
656 1949 799 1988 liberos
817 1962 859 1988 ea
875 1956 1117 2001 tempestate,
1136 1956 1174 1989 et
1190 1962 1320 2001 regem
1337 1950 1614 1989 Ptolemaeum.

130 2010 163 2041 11
191 2011 306 2057 atque
337 2018 408 2057 ego
441 2006 546 2045 ultus
575 2006 738 2045 iniurias
767 2006 1015 2045 Nicomedem
1045 2006 1224 2058 Bithynia
1254 2006 1384 2057 expuli
1407 2007 1615 2058 Asiamque

191 2063 359 2114 spolium
381 2063 484 2113 regis
501 2063 680 2101 Antiochi
704 2062 834 2114 recepi
853 2070 890 2102 et
909 2063 1090 2102 Graeciae
1106 2063 1255 2114 dempsi
1273 2075 1385 2114 grave
1401 2063 1612 2102 servitium.

130 2122 167 2154 12
192 2120 344 2170 incepta
382 2131 465 2157 mea
495 2125 717 2170 postremus
763 2131 962 2158 servorum
1002 2119 1212 2159 Archelaus
1251 2119 1422 2159 exercitu
1458 2119 1612 2171 prodito

281 2220 299 2252 2
327 2218 386 2251 tibi
405 2219 500 2252 si—5
519 2218 649 2251 misceri
669 2219 813 2261 sperem]
835 2221 885 2250 sic·
903 2219 934 2251 l'
951 2221 1038 2257 (nisi
1054 2219 1149 2261 quod
1164 2218 1395 2252 scelestissimi
1413 2222 1447 2250 et
1462 2219 1612 2251 misceris

191 2266 326 2306 perem),
352 2274 441 2305 quae.
464 2274 591 2296 sanare.
616 2264 772 2296 nondum
794 2266 966 2305 contigit:
993 2264 1052 2297 tibi
1071 2267 1232 2307 perpetua
1249 2266 1328 2304 (om.
1346 2263 1387 2303 si)
1406 2274 1437 2307 p.
1456 2263 1477 2296 f.
1496 2264 1613 2297 liceret

189 2311 339 2341 coniecit
361 2309 491 2350 Aldus,
522 2309 554 2341 ni
592 2312 673 2341 ante
699 2309 833 2351 egregia
859 2312 964 2341 inser.
991 2309 1105 2342 Madv.
1130 2310 1218 2342 Adv.
1244 2309 1275 2350 2,
1300 2308 1386 2350 294,·
1418 2310 1524 2341 ver-ba
1549 2308 1611 2342 nisi

190 2353 479 2387 hostes—sutura
513 2356 564 2386 est
599 2356 740 2386 traiecit
765 2358 845 2397 post
875 2364 1006 2396 sperem
1031 2355 1062 2387 J.
1086 2355 1222 2396 Deum,
1249 2355 1352 2386 verba
1384 2353 1614 2388 nisi—scele-

188 2399 326 2432 stissimi
348 2402 430 2441 post
453 2409 594 2442 sperem,
619 2399 682 2432 illa
707 2399 1011 2441 egregia—sutura
1037 2403 1088 2432 est
1107 2403 1190 2442 post
1213 2410 1244 2432 υ.
1268 2398 1423 2432 occident
1445 2409 1479 2441 p.
1504 2399 1614 2441 124‚3

189 2445 309 2487 Hz‘tzz‘g
337 2444 426 2476 Mus.
444 2446 497 2476 rh.
516 2444 569 2485 10,
586 2443 649 2478 467
679 2443 723 2484 cf'.
741 2444 931 2477 Mommsen
956 2445 1032 2476 Act.
1051 2455 1121 2477 soc.
1137 2455 1214 2477 saut.
1231 2455 1262 2476 α.
1282 2444 1380 2484 1854,
1400 2443 1464 2476 153
1479 2443 1491 2488 ΙΙ
1511 2446 1531 2478 6
1556 2455 1614 2488 pa—

189 2500 259 2523 rum
285 2489 416 2531 Aldus,
440 2499 550 2522 rarum
577 2489 636 2531 Ι”ΙΙ
655 2491 671 2521 7
699 2499 776 2523 uere
801 2489 980 2522 aestimare
1006 2489 1120 2522 Madv.
1147 2489 1168 2521 l.
1194 2500 1221 2522 c.
1239 2487 1250 2532 Η
1271 2490 1289 2522 8
1315 2489 1466 2532 accepiet
1492 2487 1553 2533 Vn
1572 2492 1607 2523 11

189 2534 424 2568 rimationibus
459 2545 503 2566 ea:
529 2535 756 2568 cumtionibus
782 2534 842 2577 Vl]
862 2536 901 2568 18
928 2534 1046 2578 pilippi
1073 2535 1105 2568 V
1122 2534 1134 2576 ll
1151 2536 1192 2568 20
1217 2533 1398 2567 Eumenem
1424 2534 1611 2576 Asulanus,

190 2590 264 2613 rum
290 2590 329 2612 en
357 2579 414 2623 Vll
435 2581 476 2613 23
502 2578 636 2612 efficere
663 2580 700 2612 V
711 2581 757 2620 (?)
775 2579 787 2623 ΙΙ
806 2581 848 2614 34
874 2580 1133 2622 graeciaedemsi
1159 2581 1210 2621 (ae
1236 2582 1318 2611 ante
1341 2579 1362 2613 d
1387 2581 1423 2611 in
1449 2581 1532 2614 ras.)
1558 2579 1596 2612 V

1648 716 1686 750 10

1648 997 1685 1030 15

1644 1243 1705 1318 2οέ

1645 1552 1705 1594 25ve

1642 2125 1709 2177 35¹1
