1709 2885
246 89 278 111 vi
594 76 833 111 PRAEFATIO
860 77 1070 111 EDlTlONlS
1093 62 1325 112 SECUNDAE.

244 182 431 221 lectiones
452 181 672 221 Wirzius
703 187 987 233 programmate
1017 182 1216 221 Aroviensi
1249 195 1282 221 a.
1317 183 1420 224 1867
1444 184 1661 224 accuratius

245 251 359 291 quam
391 239 436 278 ab
468 238 666 277 Dietscliio
698 240 838 277 sactum
871 244 951 277 erat
982 239 1208 290 exscripsit,
1245 251 1316 277 nec
1346 239 1556 280 Nazariano
1589 254 1662 281 nec

243 296 311 335 ulli
351 295 520 346 denique
561 295 735 334 omnium
778 301 971 346 quotquot
1011 296 1103 335 milii
1148 297 1404 334 innotuerunt
1442 297 1663 338 sinceritate

244 352 463 403 scripturae
495 352 645 390 cedere.
707 352 834 403 itaque
867 352 991 391 donec
1016 352 1180 391 conlatis
1201 352 1370 391 eiusdem
1394 354 1547 404 generis
1579 367 1661 393 om·-

245 409 361 448 nibus
392 415 458 448 aut
487 409 649 448 maxima
681 421 816 447 eorum
860 415 966 460 parte
1006 410 1051 448 (le
1092 410 1305 460 propagine
1346 421 1479 449 eorum
1521 411 1663 450 certius

248 465 489 515 indicavero,
531 466 654 504 visum
696 471 755 503 est
785 465 902 505 unius
934 465 1036 504 illius
1067 466 1235 514 vestigiis
1276 465 1389 516 paulo
1419 467 1539 506 artius
1570 468 1665 507 insi-

247 529 349 561 stere
397 534 510 573 quain
552 528 631 560 tum
674 522 804 561 licebit
844 522 1061 573 iterumque
1102 522 1139 560 in
1181 535 1315 560 eornm
1355 523 1663 564 criminationem

244 579 346 618 ultro
380 579 593 627 incurrere,
625 579 690 629 qui
722 591 782 617 me
814 579 938 617 servili
980 580 1062 618 eius
1104 585 1257 630 captum
1298 592 1381 617 esse
1411 593 1541 619 amore
1571 593 1666 620 con-

246 636 472 675 clamarunt.
543 637 646 686 quod
693 635 889 685 negotium
928 648 976 674 ne.
1016 636 1174 675 inritum
1215 644 1315 676 esset
1355 637 1538 686 (moniam
1578 644 1666 677 ante

246 693 375 732 omnia
407 705 582 731 meorum
614 693 660 731 tle
692 693 825 731 codice.
858 693 929 731 isto
964 693 1273 731 testiin‹nii‹n·um
1307 694 1378 731 tide·
1415 693 1665 741 efficiebatur,

245 762 338 789 sane
378 755 553 801 exoptata
595 749 721 788 evenit
761 749 931 788 eiusdem
974 749 1103 787 Wirzii
1144 762 1259 801 opera
1306 751 1343 788 in
1386 750 1519 789 eodem
1567 750 1666 789 libro

242 807 481 846 conserendo
515 806 652 858 posita.
713 818 800 844 nam
823 818 918 857 quas
941 806 1002 844 ille
1024 805 1218 851 numidas,
1250 814 1292 846 ut
1321 807 1384 854 ait,
1417 821 1436 844 a
1473 819 1532 846 me
1554 819 1667 859 prae-

244 864 440 903 termissas
472 864 496 901 1.
529 877 559 901 5.
591 876 621 902 s.
653 863 912 914 supplementi
947 864 1069 902 instar
1099 863 1227 910 edidit,
1259 876 1390 902 earum
1424 865 1519 902 scito
1551 864 1667 915 longe

242 921 444 960 maximam
478 927 623 971 partem
667 921 705 958 in
746 932 832 958 meo
874 933 933 958 nie
976 920 1151 971 exemplo
1189 933 1222 959 a.
1272 922 1369 960 1867
1413 921 1665 968 3ι1116ῑ3ν1556,

242 978 308 1017 sed
341 977 520 1016 consulto
554 977 741 1022 omisisse,
774 983 967 1027 uunquam
1000 989 1153 1015 errores
1184 990 1202 1014 a
1240 976 1394 1015 librario
1437 978 1537 1015 inter
1569 977 1665 1015 scri-

241 1034 412 1074 bendum
455 1035 683 1073 commissos
723 1041 757 1073 et
808 1034 1038 1085 plcrunnpie
1078 1033 1123 1071 al»
1165 1033 1247 1084 ipso
1288 1040 1497 1073 correctos.
1567 1046 1664 1085 pau-

242 1091 329 1130 cula
360 1091 423 1130 ille
454 1097 495 1129 ut
526 1092 568 1129 lit
597 1090 792 1129 adnotavit
823 1103 921 1141 quac
953 1090 1034 1141 ipse
1067 1089 1294 1128 omiserat-n:
1337 1091 1439 1130 unde
1470 1091 1530 1129 his
1561 1097 1666 1130 terve

244 1148 375 1187 Wirzii
399 1160 540 1186 nomen
565 1148 854 1186 conumaentariis
875 1147 970 1185 meis
995 1147 1181 1185 insertum
1215 1147 1399 1185 invenies.
1451 1147 1516 1185 sed
1540 1148 1586 1186 de
1606 1147 1666 1185 his

242 1205 360 1244 rebus
392 1205 480 1244 alibi
513 1205 730 1243 accuratius
763 1204 962 1242 disseram.
1023 1204 1097 1241 lioc
1128 1203 1214 1241 loco
1246 1215 1379 1241 eorum
1413 1216 1459 1241 ex
1490 1215 1667 1251 numero,

243 1261 308 1312 qui
340 1262 387 1300 de
419 1261 621 1300 codicibus
652 1261 897 1299 Sallustianus
928 1272 1056 1311 nuper
1087 1260 1378 1311 disseruerunt,
1418 1260 1536 1299 unius
1577 1259 1670 1298 mihi

244 1318 413 1358 Caroli
445 1317 745 1369 Nipperdcii
779 1317 917 1368 placita
948 1316 1190 1367 respicienda
1223 1329 1306 1355 esse
1348 1329 1510 1356 censeo:
1554 1329 1667 1368 quem

245 1375 367 1414 virum
400 1374 530 1413 iudicii
561 1374 767 1412 sobrietate
791 1381 905 1425 atque
927 1374 1118 1412 sermonis
1151 1373 1257 1412 latini
1299 1373 1433 1424 peritia
1476 1373 1669 1424 insignem

244 1432 332 1483 quis
365 1443 445 1470 non
478 1431 648 1470 doluerit
686 1431 745 1468 liis
776 1430 915 1469 litteris
944 1436 1187 1481 praematura
1210 1437 1333 1469 morte
1355 1436 1530 1481 ereptum
1555 1428 1669 1469 esse?

243 1489 276 1528 is
306 1487 425 1539 igitur
466 1494 751 1539 programmate
785 1487 935 1525 lenensi
968 1500 1000 1525 a.
1037 1487 1142 1526 1872
1184 1488 1238 1537 (p.
1274 1488 1324 1525 16
1355 1488 1403 1535 s.)
1445 1499 1531 1525 cum
1573 1486 1668 1526 alios

245 1545 399 1584 codices
439 1545 620 1595 antiquos
662 1543 781 1591 (inter
818 1555 917 1594 quos
948 1542 1215 1581 parisinorum
1252 1543 1405 1581 illorum
1436 1543 1512 1582 utri
1544 1543 1669 1594 palma

244 1602 294 1641 sit
324 1601 531 1640 deferenda
563 1600 602 1639 in
635 1601 784 1639 incerto
817 1612 901 1638 esse
924 1600 1044 1650 probe
1067 1599 1266 1648 intellexit)
1299 1606 1379 1638 tum
1402 1600 1669 1647 Nazarianum,

246 1657 651 1697 Wolfenbuttelanum
682 1656 996 1707 antiquissimum
1040 1657 1207 1706 itemque
1238 1657 1550 1708 antiquissimum
1583 1656 1671 1696 Lei-

247 1715 405 1754 densem
438 1714 699 1753 emendationi
732 1726 846 1764 quam
868 1713 1032 1751 maxime
1055 1713 1141 1752 usui
1166 1713 1247 1751 sore
1271 1713 1374 1751 brevi
1408 1713 1671 1765 disputatione

246 1772 495 1823 significavit3
528 1784 572 1809 ac
602 1770 782 1809 Leidensi
816 1769 996 1820 quidem,
1038 1769 1184 1820 quippe
1224 1770 1289 1820 qui
1330 1777 1367 1809 et
1406 1770 1592 1821 antiquus
1622 1771 1671 1809 sit

249 1835 286 1868 et
317 1829 477 1867 lacunae
509 1827 634 1875 illius,
666 1839 740 1877 qua
782 1827 928 1878 primae
969 1839 1066 1877 qnae
1106 1826 1246 1865 dicitur
1286 1827 1451 1865 familiae
1491 1827 1669 1866 codicum

246 1885 426 1936 cognatio
458 1883 623 1923 stabilita
647 1889 716 1930 est,
748 1888 895 1934 partem
919 1882 1080 1934 expleat,
1111 1882 1276 1921 multum
1299 1896 1383 1922 esse
1404 1882 1670 1932 tribuendum,

247 1941 457 1981 dummodo
491 1941 593 1980 sitne
624 1940 694 1979 ista
726 1952 837 1991 pars,
870 1951 944 1990 qua
977 1940 1093 1978 ceteri
1126 1945 1271 1986 carent,
1303 1945 1369 1978 aut
1397 1939 1520 1990 prima
1551 1951 1669 1979 manu

248 1999 393 2050 scripta
423 2004 489 2037 aut
520 2003 624 2036 certe
656 2009 734 2035 non
767 2003 942 2047 tempore
974 1996 1120 2036 recenti
1144 1995 1322 2047 suppleta
1345 2002 1552 2036 constaret.
1604 1996 1670 2036 sed

248 2056 288 2095 in
321 2055 381 2094 his
412 2061 506 2094 sunt
535 2066 634 2105 quac
664 2053 797 2092 vellem
831 2053 1062 2092 declarasset
1094 2065 1172 2092 non
1205 2052 1459 2103 significasset
1482 2051 1540 2090 vir
1561 2064 1670 2103 egre-

246 2112 346 2164 gius.
411 2123 577 2162 namque
606 2111 652 2149 de
683 2110 893 2149 Nazariano
925 2115 1059 2161 utpote.
1091 2110 1137 2148 de
1168 2109 1300 2148 codice
1322 2109 1424 2149 inter
1443 2109 1569 2148 bonos
1591 2121 1670 2148 non

247 2168 395 2221 optimo
428 2167 611 2220 putabam
644 2180 705 2206 me
731 2167 884 2206 abunde
907 2166 1047 2205 dixisse
1069 2179 1112 2205 ea
1134 2165 1403 2206 dissertatione
1425 2178 1523 2217 quae
1544 2165 1668 2217 primo

246 2225 411 2265 Hermae
432 2224 629 2263 volumine
658 2224 802 2263 inserta
828 2229 903 2270 est;
927 2223 1097 2262 eiusdem
1126 2223 1279 2273 generis
1297 2234 1381 2262 esse
1396 2221 1549 2262 videtur
1564 2221 1670 2261 Wol-

246 2281 550 2322 t'enbuttelanus.
591 2287 629 2320 at
648 2280 759 2319 aliter
781 2279 1027 2318 statuendum
1051 2285 1130 2318 erat
1152 2280 1197 2317 de
1220 2278 1419 2319 Leidensi:
1443 2291 1559 2330 quem
1583 2291 1668 2318 cum

251 2352 299 2378 ne
320 2338 541 2378 Dietschius
572 2337 729 2388 quidem
755 2336 1026 2376 Gerlachiusve
1057 2336 1332 2387 inspexissent,
1362 2347 1455 2374 sane
1486 2335 1669 2374 intererat

247 2395 393 2434 rescire
424 2395 517 2445 quid
547 2395 603 2433 rei
635 2400 748 2433 esset.
809 2393 939 2444 itaque
970 2392 1192 2431 codicem
1223 2392 1511 2432 Leidensem
1542 2391 1666 2442 (Voss.

248 2452 312 2491 lat.
336 2459 411 2492 oct.
435 2453 502 2500 75)
526 2451 677 2491 excussi
699 2451 776 2489 huc
797 2450 1068 2489 transmissum
1091 2449 1183 2487 mihi
1207 2463 1249 2489 ea
1266 2448 1494 2489 liberalitate
1511 2460 1586 2500 qua
1601 2447 1667 2499 qui

250 2514 437 2560 praesunt
473 2508 641 2547 inclutae
681 2507 896 2546 academiae
927 2505 1201 2558 Lugdunensis
1241 2505 1504 2557 bybliothecae
1541 2503 1668 2544 solent
1700 2552 1702 2554 v

249 2565 429 2604 adiuvare
459 2565 583 2604 studia
614 2564 785 2604 liberalia
817 2563 1019 2603 nationum
1051 2563 1238 2602 omnium.
1279 2562 1450 2614 scriptus
1470 2568 1529 2602 est
1549 2561 1667 2606 codex
