1709 2885
174 74 252 112 114
628 75 685 108 Ex
711 74 915 109 SALLESTI
939 75 1148 110 HISTORIIS

514 177 821 222 ORATIO
870 177 1249 221 PHILIPPI

744 243 1027 279 INSENATU.

129 321 145 353 1
286 313 462 354 Maxume
492 313 648 361 vellem,
678 319 808 366 patres
839 314 1073 365 conscripti,
1104 326 1184 353 rem
1207 312 1400 365 publicam
1424 314 1590 366 quietam

173 382 257 410 esse
289 376 355 410 aut
384 371 423 409 in
460 370 645 422 periculis
676 383 694 409 a
717 371 1023 421 promptissumo
1045 383 1203 422 quoque
1225 370 1400 419 defendi,
1423 371 1591 423 denique

172 438 287 478 prava
309 427 462 478 incepta
485 426 776 466 consultoribus
799 439 922 466 noxae
947 439 1042 466 esse.
1085 428 1151 466 sed
1172 432 1306 465 contra
1337 425 1593 467 seditionibus
1623 434 1642 466 5

173 483 302 522 omnia
324 483 475 522 turbata
497 489 587 522 sunt
608 489 645 522 et
665 482 711 521 ab
733 483 788 521 eis
809 495 908 534 quos
929 483 1137 535 prohibere
1159 483 1280 533 magis
1310 483 1480 523 decebat.
1521 496 1591 535 po-

173 545 332 587 stremo,
356 552 453 590 quae
474 539 647 591 pessumi
665 545 702 577 et
718 540 948 579 stultissumi
965 540 1180 587 decrevere,
1199 552 1241 578 ea
1257 539 1371 578 bonis
1387 545 1424 579 et
1438 540 1593 592 sapien-

130 602 149 634 2
172 595 276 635 tibus
292 596 473 635 faciunda
489 601 594 636 sunt.
636 607 723 634 nam
740 595 884 635 bellum
900 602 1013 648 atque
1029 609 1146 643 arma,
1164 608 1396 648 quamquam
1414 596 1593 636 vobisin-

171 652 262 700 visa,
279 659 421 697 tamen,
440 653 530 704 quia
546 652 692 703 Lepido
708 652 875 703 placent,
892 653 1084 693 sumunda
1101 659 1204 691 sunt.
1238 652 1311 691 nisi
1328 653 1428 691 sorte
1445 653 1506 692 cui
1524 665 1592 704 pa-

129 715 147 748 3
172 720 256 748 cem
277 714 474 759 praestare
497 714 534 748 et
550 709 695 747 bellum
713 709 792 760 pati
808 709 1014 749 consilium
1031 716 1100 749 est.
1144 721 1214 761 pro
1232 709 1269 748 di
1286 708 1391 756 boni,
1409 709 1475 760 qui
1492 709 1594 748 hanc
1627 715 1661 748 10

170 765 306 804 urbem
327 764 466 804 amissa
488 765 593 804 curia
609 765 735 804 adhuc
750 765 890 816 tegitis,
907 766 957 804 M.
976 766 1174 814 Aemilius,
1192 765 1366 804 omnium
1382 765 1592 816 flagitioso-

169 834 256 861 rum
272 827 507 873 postremus,
525 822 591 872 qui
610 822 721 873 peior
734 834 782 861 an
800 822 974 874 ignavior
989 822 1039 861 sit
1054 822 1259 861 deliberari
1277 834 1355 860 non
1368 827 1508 873 potest,
1527 835 1592 861 ex·

170 878 334 918 ercitum
357 877 641 930 opprimundae
662 877 849 918 libertatis
871 878 986 919 habet
1007 884 1044 917 et
1065 892 1105 918 se
1128 892 1148 918 e
1170 884 1394 930 contempto
1411 886 1591 918 metuen-

169 935 261 974 dum
283 934 427 974 effecit:
451 947 518 973 vos
540 939 759 974 mussantes
782 942 819 973 et
840 941 1093 975 retractantes
1110 935 1234 974 verbis
1251 941 1288 973 et
1304 942 1430 974 vatum
1453 934 1591 974 carmi-

168 991 286 1030 nibus
306 1003 441 1042 pacem
458 991 599 1043 optatis
616 991 736 1041 magis
753 1003 868 1042 quam
885 992 1091 1030 defenditis
1109 1003 1236 1042 neque
1255 990 1476 1042 intellegitis
1493 990 1591 1029 mol·
1622 996 1660 1028 15
1708 991 1709 998 ¹

125 1053 145 1086 4
168 1048 248 1086 litia
277 1047 523 1087 decretorum
554 1047 662 1086 vobis
692 1047 916 1099 dignitatem
946 1048 1001 1086 illi
1032 1053 1176 1086 metum
1209 1047 1368 1086 detrahi.
1410 1053 1524 1098 atque
1556 1047 1590 1086 id

167 1104 266 1152 iure,
288 1104 473 1155 quoniam
495 1117 540 1143 ex
561 1104 710 1156 rapinis
731 1105 975 1144 consulatum
989 1136 997 1149 ,
1031 1104 1080 1143 ob
1102 1103 1331 1143 seditionem
1354 1103 1591 1154 provinciam

169 1173 257 1200 cum
280 1160 450 1200 exercitu
471 1161 633 1212 adeptus
656 1166 725 1199 est.
767 1161 860 1211 quid
883 1160 945 1199 ille
968 1161 1016 1199 ob
1038 1160 1138 1199 bene
1160 1160 1255 1199 facta
1279 1159 1458 1210 cepisset,
1479 1160 1591 1198 cuius

169 1216 383 1256 sceleribus
404 1223 508 1256 tanta
529 1217 698 1268 praemia
720 1217 942 1259 tribuistis?

125 1280 144 1312 5
281 1275 329 1312 At
345 1273 494 1312 scilicet
515 1286 594 1320 eos,
617 1274 684 1324 qui
705 1273 751 1312 ad
772 1279 1013 1324 postremum
1037 1285 1162 1323 usque
1183 1272 1330 1323 legatos
1345 1283 1481 1323 pacem
1498 1284 1590 1311 con·
1619 1277 1660 1309 20

168 1330 340 1369 cordiam
369 1335 407 1368 et
436 1329 507 1368 alia
536 1330 807 1369 huiuscemodi
836 1330 1113 1376 decreverunt,
1143 1329 1303 1380 gratiam
1336 1328 1382 1367 ab
1403 1341 1449 1368 eo
1471 1340 1590 1380 pepe·

166 1386 276 1425 risse.
325 1386 442 1425 immo
475 1386 648 1437 despecti
680 1392 716 1425 et
746 1386 894 1437 indigni
928 1399 969 1425 re
990 1386 1146 1438 publica
1176 1385 1295 1425 habiti
1316 1385 1483 1436 praedae
1504 1385 1590 1424 loco

167 1448 447 1491 aestumantur,
464 1443 611 1494 quippe
632 1449 738 1482 metu
761 1455 893 1494 pacem
917 1448 1152 1495 repetentes,
1174 1455 1252 1494 quo
1268 1442 1437 1481 habitam
1451 1441 1591 1481 amise-

124 1505 144 1537 6
167 1505 266 1538 rant.
308 1499 488 1550 equidem
509 1512 528 1538 a
550 1499 758 1550 principio,
781 1512 870 1539 cum
893 1499 1087 1539 Etruriam
1110 1499 1328 1544 coniurare,
1346 1498 1590 1550 proscriptos

167 1556 336 1603 accersi,
357 1555 630 1606 largitionibus
652 1567 732 1594 rem
756 1556 951 1608 publicam
972 1555 1132 1595 lacerari
1163 1554 1357 1600 videbam,
1390 1561 1589 1594 maturan-
1618 1558 1657 1590 25

167 1613 259 1652 dum
290 1611 471 1664 putabam
502 1617 540 1650 et
560 1611 682 1650 Catuli
714 1612 874 1651 consilia
896 1624 983 1650 cum
1007 1612 1141 1663 paucis
1163 1617 1321 1650 secutus
1345 1623 1444 1650 sum.
1486 1617 1589 1650 cete—

167 1681 254 1708 rum
277 1668 345 1716 illi,
369 1668 435 1719 qui
457 1667 584 1718 gentis
606 1667 789 1707 Aemiliae
810 1668 1023 1708 benefacta
1041 1668 1275 1707 extollebant
1291 1674 1329 1706 et
1344 1667 1589 1718 ignoscundo

166 1725 303 1777 populi
326 1724 490 1763 Romani
522 1725 828 1775 magnitudinem
859 1725 1030 1771 auxisse,
1062 1737 1253 1776 nusquam
1276 1724 1390 1763 etiam
1411 1729 1493 1763 tum
1515 1723 1590 1762 Le-

167 1781 302 1833 pidum
331 1793 581 1832 progressum
612 1780 786 1829 aiebant,
818 1793 906 1820 cum
937 1781 1082 1832 privata
1111 1793 1214 1819 arma
1237 1780 1521 1832 opprimundae
1543 1779 1589 1818 li-

167 1837 327 1877 bertatis
363 1837 551 1889 cepisset,
587 1837 660 1876 sihi
696 1837 862 1889 quisque
899 1850 993 1889 opes
1023 1843 1089 1876 aut
1116 1837 1329 1889 patrocinia
1360 1836 1588 1888 quaerundo
1619 1839 1658 1871 30

125 1901 143 1932 ’1
169 1894 376 1933 consilium
394 1893 595 1945 publicum
617 1900 898 1945 conruperunt.
937 1901 973 1933 at
990 1900 1085 1933 tunc
1102 1899 1184 1933 erat
1198 1893 1369 1944 Lepidus
1386 1893 1483 1932 latro
1500 1905 1588 1931 cum

169 1950 371 1990 calonibus
394 1956 430 1989 et
451 1951 585 2002 paucis
606 1950 767 1998 sicariis,
789 1963 957 2001 quorum
980 1963 1094 1990 nemo
1117 1950 1255 1989 diurna
1275 1949 1455 1989 mercede
1475 1949 1587 1988 vitam

167 2007 395 2047 mutaverit:
428 2019 535 2045 nunc
565 2012 623 2046 est
651 2019 722 2058 pro
755 2007 916 2046 consule
946 2020 1035 2047 cum
1056 2007 1242 2059 imperio,
1266 2018 1345 2045 non
1368 2012 1498 2057 empto
1522 2005 1588 2044 sed

168 2064 254 2103 dato
277 2076 297 2102 a
317 2063 448 2111 vobis,
471 2075 559 2102 cum
580 2063 714 2114 legatis
736 2063 862 2102 adhuc
883 2063 966 2103 iure
988 2063 1234 2116 parentibus,
1258 2069 1295 2101 et
1315 2062 1362 2101 ad
1383 2074 1471 2102 eum
1494 2074 1588 2101 con-

168 2133 327 2160 currere
367 2120 546 2159 homines
582 2119 754 2158 omniurn
793 2120 972 2159 ordinum
1014 2118 1340 2171 conruptissumi,
1381 2118 1587 2169 flagrantes
1617 2120 1656 2153 35

168 2177 299 2228 inopia
312 2182 350 2216 et
366 2176 630 2227 cupidinibus,
649 2175 841 2215 scelerum
859 2177 1098 2216 conscientia
1115 2175 1305 2228 exagitati,
1323 2174 1464 2226 quibus
1476 2174 1587 2225 quies

168 2233 208 2272 in
238 2233 514 2282 seditionibus,
545 2232 585 2271 in
615 2245 709 2284 pace
742 2233 879 2271 turbae
900 2240 1005 2272 sunt.
1047 2233 1081 2272 ei
1103 2232 1310 2271 tumultum
1337 2243 1382 2270 ex
1402 2230 1586 2279 tumultu,

168 2333 283 2365 Madv.
302 2333 389 2365 Adv.
408 2332 439 2373 2,
456 2332 523 2365 ‘29:2¹
546 2332 702 2374 (praesidi
722 2334 814 2373 ego):
842 2332 1195 2375 dignitati—praedio
1215 2332 1251 2364 V
1266 2330 1445 2374 (praesidio
1463 2330 1589 2371 Aldus)

166 2377 179 2421 Π
207 2381 219 2412 l
248 2377 405 2410 ORATIO
435 2377 610 2409 PHILIPPI
634 2377 675 2409 IN
700 2377 780 2409 ΒΕΑ
805 2378 890 2416 (non
915 2378 999 2417 SlA,
1026 2378 1121 2419 quod
1144 2377 1310 2410 sententia
1336 2378 1589 2417 inter-precatus

170 2427 219 2455 est
242 2423 397 2464 Dietsch)
424 2422 521 2466 V114
547 2422 677 2455 defendi
704 2422 799 2466 V115
828 2433 928 2464 praua
953 2423 1079 2463 daim,
1113 2433 1212 2464 parua
1239 2421 1299 2464 Vn
1321 2423 1354 2453 11
1384 2421 1506 2453 amissa
1532 2431 1587 2453 cu-

169 2468 214 2501 ria
241 2469 361 2510 Haupt
384 2467 498 2500 Musei
520 2467 627 2500 Rhea.
657 2469 686 2508 1,
711 2468 787 2509 473,
812 2468 935 2500 omissa
962 2478 1039 2501 cura
1065 2466 1123 2510 1²11
1147 2469 1183 2500 13
1210 2470 1441 2508 secontempto
1466 2466 1497 2498 Is
1516 2465 1527 2508 ΙΙ
1548 2468 1587 2499 14

169 2513 324 2545 carminis
341 2513 377 2545 V
391 2511 402 2556 ΙΙ
419 2515 456 2546 21
479 2513 520 2545 ab
538 2523 578 2545 eo
596 2525 625 2554 z,
650 2513 772 2546 Aldus.
797 2513 905 2546 babeo
924 2514 955 2545 l‘v
970 2513 982 2556 ΙΙ
1002 2515 1040 2546 31
1064 2517 1142 2545 tunc
1161 2512 1267 2552 Kritz,
1294 2515 1360 2544 tum
1380 2510 1439 2554 VH
1459 2512 1500 2546 32
1520 2521 1583 2544 non

166 2563 246 2601 pose
270 2568 366 2592 nemo
391 2560 542 2590 inseruit
565 2557 704 2590 Cot-tius
