1709 2885
165 65 242 105 104
663 67 697 101 C.
717 66 919 100 SALLUSTl
946 66 1080 100 CRISPI

119 177 139 209 3
163 171 218 210 uti
242 177 358 210 noctu
378 170 474 210 clam
492 183 623 210 secum
642 171 869 222 profugeret
889 176 999 221 rogat
1014 179 1129 222 atque
1145 170 1335 211 hortatur.
1371 171 1434 212 ille
1449 173 1578 212 animo

162 228 282 266 feroci
303 234 417 278 negat
438 240 478 267 se
501 227 645 267 totiens
661 227 791 266 susum
806 226 1008 266 Numidam
1027 227 1321 279 pertimescere;
1340 228 1469 268 virtuti
1486 241 1578 269 suo-

162 295 247 323 rum
271 284 362 322 satis
383 284 541 323 credere
554 296 563 331 ;
587 283 735 322 etiamsi
757 291 860 323 certa
882 283 1002 334 pestis
1022 284 1184 331 adesset,
1207 296 1432 323 mansurum
1448 286 1575 336 potius

164 352 278 391 quam
311 340 486 391 proditis,
519 352 618 391 quos
649 339 824 385 ducebat,
856 339 960 391 turpi
983 340 1070 390 suga
1103 340 1273 379 incertae
1296 341 1457 380 forsitan
1489 347 1575 393 post

119 402 138 433 4
162 396 278 447 paulo
300 396 436 435 morbo
459 396 685 435 interiturae
703 396 798 435 vitae
819 405 1006 447 parceret.
1040 403 1210 435 ceterum
1231 396 1277 435 ab
1300 398 1432 436 eodem
1451 397 1574 436 moni-

161 459 224 491 tus
246 453 299 491 uti
324 459 441 491 noctu
463 452 818 504 proficiscerentur,
851 452 1057 492 consilium
1078 452 1264 503 adprobat
1285 465 1328 492 ac
1349 454 1473 493 statim
1503 453 1575 491 mi-

160 509 246 548 lites
268 516 425 548 cenatos
455 521 539 548 esse
561 509 599 548 in
622 509 757 547 castris
771 539 780 555 ,
810 508 911 559 ignis
933 522 1046 560 quani
1069 509 1340 548 creberrumos
1360 510 1454 555 sieri,
1485 509 1573 548 dein

117 571 136 603 5
161 566 284 616 prima
300 565 425 615 vigilia
448 565 601 604 silentio
624 565 753 616 egredi
775 564 892 604 iubet.
926 566 1078 616 iamque
1096 572 1288 604 nocturno
1310 566 1446 605 itinere
1463 565 1576 604 sessis

160 621 341 660 omnibus
364 621 468 661 Sulla
485 622 629 673 pariter
647 633 733 660 cum
753 627 838 660 ortu
862 622 954 660 solis
969 628 1091 660 castra
1112 621 1341 670 metabatur,
1363 633 1448 661 cum
1465 621 1572 672 equi-

160 684 216 716 tes
227 678 348 717 Mauri
367 678 782 728 nuntiantlugurtham
800 677 952 717 circiter
969 679 1087 716 duum
1105 678 1252 717 milium
1271 677 1470 717 intervallo
1486 684 1574 717 ante

116 740 135 771 6
160 746 225 773 eos
243 734 477 773 consedisse.
529 733 633 784 quod
665 740 868 784 postquam
900 735 1072 773 auditum
1096 741 1171 781 est,
1206 741 1284 773 tum
1315 747 1403 773 vero
1435 734 1574 785 ingens

157 796 284 829 metus
302 796 456 829 nostros
473 790 633 829 invadit:
657 791 813 830 credere
831 803 872 829 se
889 791 1061 842 proditos
1080 804 1099 830 a
1119 791 1261 830 Voluce
1278 798 1313 830 et
1331 790 1482 829 insidiis
1498 790 1574 829 cir-

159 853 397 886 cumventos.
434 858 478 885 ac
500 847 607 885 suere
624 846 690 897 qui
713 846 886 886 dicerent
906 859 1020 886 manu
1039 847 1310 886 vindicandum
1329 859 1455 898 neque
1471 846 1571 898 apud

63 905 133 941 107
158 903 265 942 illum
287 909 433 942 tantum
457 903 586 942 scelus
608 902 774 942 inultum
796 902 1111 954 relinquendum.
1147 911 1183 943 at
1199 903 1317 950 Sulla,
1341 915 1572 954 quamquam

158 959 290 999 eadem
324 959 591 1008 existumabat,
625 965 752 998 tamen
785 959 831 997 ab
863 958 1002 998 iniuria
1025 959 1198 998 Maurum
1230 959 1423 1010 prohibet.
1482 971 1574 998 suos

155 1015 333 1055 hortatur
350 1016 405 1055 uti
421 1016 559 1055 fortem
583 1015 753 1055 animum
776 1021 976 1065 gererent:
998 1028 1112 1067 saepe
1126 1022 1236 1054 antea
1254 1016 1389 1066 paucis
1405 1016 1575 1055 strenuis

155 1072 360 1112 advorsum
390 1072 679 1112 multitudinem
706 1072 805 1111 bene
827 1078 1063 1122 pugnatum3
1093 1076 1239 1122 quanto
1261 1071 1332 1110 sibi
1356 1072 1393 1110 in
1424 1071 1573 1123 proelio

155 1129 286 1168 minus
308 1129 596 1180 pepercissent,
617 1134 723 1168 tanto
745 1127 909 1167 tutiores
939 1129 1033 1175 fore,
1067 1139 1138 1167 nec
1160 1139 1393 1178 quemquam
1424 1127 1573 1176 decere,

156 1185 222 1236 qui
244 1197 382 1224 manus
403 1185 617 1229 armaverit,
640 1185 685 1223 ab
704 1184 863 1223 inermis
884 1183 1047 1234 pedibus
1063 1183 1247 1222 auxilium
1271 1189 1415 1236 petere,
1437 1183 1475 1223 in
1493 1196 1573 1223 ma-

112 1247 131 1279 2
154 1253 272 1280 xumo
289 1248 392 1280 metu
411 1242 557 1280 nudum
581 1247 617 1280 et
638 1253 793 1280 caccum
817 1252 961 1291 corpus
982 1240 1026 1279 ad
1048 1240 1170 1279 hostis
1187 1246 1348 1279 vortere.
1391 1239 1479 1279 dein
1496 1240 1571 1279 Vo-

154 1297 296 1343 lucem,
319 1298 502 1349 quoniam
521 1297 675 1336 hostilia
697 1298 852 1344 faceret,
874 1296 1002 1335 Iovem
1025 1308 1249 1335 maxumum
1273 1296 1498 1345 obtestatus,
1531 1301 1576 1336 ut

156 1353 314 1393 sceleris
335 1360 452 1405 atque
473 1353 656 1405 perfidiae
676 1353 819 1392 Bocchi
841 1353 950 1392 testis
971 1353 1134 1401 adesset,
1166 1365 1209 1391 ex
1233 1352 1367 1392 castris
1389 1352 1494 1392 abire
1515 1353 1574 1392 iu-

111 1416 131 1449 3
154 1410 229 1450 bet.
281 1410 343 1448 ille
366 1409 586 1449 lacrumans
608 1422 718 1449 orare
749 1422 797 1449 ne
820 1421 860 1449 ea
884 1409 1080 1457 crederet3
1115 1409 1211 1448 nihil
1242 1409 1330 1448 dolo
1360 1409 1500 1449 sactum
1532 1421 1575 1448 ac

153 1467 276 1517 magis
296 1466 501 1506 calliditate
523 1466 745 1517 Iugurthae,
773 1466 835 1506 cui
854 1465 1030 1505 videlicet
1046 1465 1261 1517 speculanti
1282 1466 1353 1505 iter
1369 1477 1483 1506 suum
1509 1478 1574 1505 co-

110 1529 131 1561 4
152 1523 303 1574 gnitum
327 1528 441 1562 esset.
502 1528 672 1561 ceterum
697 1523 879 1573 quoniam
913 1534 1042 1573 neque
1065 1522 1262 1572 ingentem
1284 1522 1572 1562 multitudinem

153 1579 313 1618 haberet
330 1585 367 1618 et
382 1591 472 1630 spes
483 1591 657 1630 opesque
669 1578 753 1618 eius
771 1592 815 1617 ex
831 1584 939 1629 patre
954 1590 1024 1616 sno
1043 1578 1271 1629 penderent,
1291 1579 1449 1618 credere
1466 1579 1574 1618 illum

111 1643 129 1674 5
155 1635 251 1674 nihil
275 1635 398 1687 palam
420 1647 619 1682 ausurum,
651 1647 738 1673 cum
761 1635 844 1686 ipse
874 1633 976 1673 filius
998 1634 1108 1673 testis
1130 1635 1292 1674 adesset.
1334 1647 1408 1686 qua
1442 1647 1483 1674 re
1505 1647 1575 1686 op-

152 1698 304 1731 tumum
337 1692 438 1730 sactu
461 1691 580 1730 videri
602 1703 672 1742 per
702 1690 825 1730 media
858 1690 941 1730 eius
964 1696 1085 1729 castra
1117 1691 1239 1741 palam
1263 1691 1439 1730 transire.
1490 1703 1575 1731 sese

153 1748 211 1787 vel
233 1748 457 1799 praemissis
475 1747 533 1787 vel
555 1746 696 1786 ibidem
719 1746 865 1786 relictis
882 1746 1025 1786 Mauris
1043 1746 1168 1785 solum
1187 1759 1274 1786 cum
1292 1747 1397 1786 Sulla
1415 1747 1573 1787 iturum.

109 1809 129 1842 6
154 1816 196 1843 ea
213 1816 274 1843 res
292 1804 346 1843 uti
367 1804 406 1843 in
424 1803 489 1842 tali
507 1803 662 1853 negotio
681 1802 855 1855 probata.
886 1815 930 1842 ac
946 1803 1071 1841 statim
1085 1803 1262 1854 profecti,
1281 1804 1369 1855 quia
1380 1804 1426 1843 de
1439 1804 1574 1855 inpro-

151 1860 232 1899 viso
251 1860 486 1908 acciderant,
509 1859 626 1898 dubio
643 1866 761 1911 atque
777 1859 991 1899 haesitante
1008 1859 1195 1910 Iugurtha
1218 1859 1432 1899 incolumes
1448 1866 1574 1899 trans·

110 1924 127 1955 7
152 1923 259 1964 eunt,
281 1916 422 1956 deinde
443 1916 577 1968 paucis
599 1915 735 1955 diebus
756 1928 832 1967 quo
856 1915 911 1954 ire
928 1915 1177 1955 intenderant
1198 1922 1426 1967 perventum
1449 1923 1518 1955 est.

54 1975 128 2012 108
251 1973 320 2012 lbi
344 1985 432 2012 cum
455 1972 608 2011 Boccho
628 1972 793 2011 Numida
825 1972 982 2023 quidam
1005 1973 1127 2023 Aspar
1163 1973 1322 2011 nomine
1342 1972 1508 2011 multum
1539 1978 1577 2012 et

151 2029 390 2068 familiariter
416 2029 563 2080 agebat,
586 2029 824 2079 praemissus
841 2028 888 2067 ab
903 2028 1103 2079 Iugurtha,
1126 2034 1329 2080 postquam
1346 2028 1490 2070 Sullam
1511 2040 1574 2068 ac-

153 2085 272 2125 citum
305 2085 498 2131 audierat,
531 2090 661 2124 orator
691 2091 728 2124 et
757 2084 920 2123 subdole
950 2084 1191 2136 speculatum
1217 2085 1358 2124 Bocchi
1392 2084 1571 2133 consilia;

151 2148 352 2193 praeterea
374 2141 499 2180 Dabar
520 2141 790 2192 Massugradae
811 2141 913 2180 filius
936 2153 981 2179 ex
1003 2147 1118 2191 gente
1139 2141 1376 2188 Masinissae,
1400 2146 1572 2180 ceterum

244 2244 255 2274 1
287 2246 321 2274 ut
344 2252 362 2273 v
383 2241 430 2283 112
455 2239 625 2273 numidam
658 2240 767 2273 fusum
802 2252 829 2273 π
848 2239 895 2283 114
929 2240 1068 2283 perditis
1099 2239 1157 2283 nu
1183 2243 1201 2274 6
1228 2239 1496 2291 proficisceretur
1522 2251 1538 2271 v
1562 2240 1574 2283 Η

151 2289 168 2319 7
197 2291 335 2319 cenatos
361 2299 394 2319 ee
411 2299 426 2315 ψ
445 2299 460 2315 *
481 2300 495 2315 t
514 2299 530 2315 ψ
548 2299 563 2315 ι
579 2285 612 2318 in
647 2297 664 2317 v
682 2284 693 2328 ΙΙ
713 2284 800 2327 ignis
832 2295 930 2328 quam
957 2297 986 2321 z
1012 2284 1167 2328 ignisque
1192 2297 1251 2325 ππ,
1276 2285 1439 2328 ignesque
1472 2295 1572 2328 quam

151 2342 190 2364 zz
208 2331 219 2376 fl
239 2331 359 2364 dehinc
384 2342 411 2364 π
428 2330 439 2375 ΙΙ
458 2333 478 2364 9
504 2330 705 2363 metiebatur
721 2342 749 2363 π
767 2330 778 2371 Η
801 2333 833 2363 11
863 2340 921 2363 eos
947 2341 1007 2371 m.
1032 2340 1098 2363 om.
1124 2341 1164 2362 vz
1181 2330 1193 2375 ΙΙ
1215 2332 1253 2365 15
1280 2329 1395 2363 eadem
1421 2341 1465 2362 ea:
1490 2330 1573 2364 haec

151 2387 241 2410 corr.
270 2388 287 2408 υ
304 2375 316 2419 Η
348 2378 385 2409 16
411 2379 527 2418 gerant
558 2386 575 2407 υ
592 2374 603 2419 ΙΙ
623 2379 720 2408 antea
746 2386 795 2416 oz,
821 2379 897 2408 ante
926 2387 944 2407 z
974 2374 986 2419 ΙΙ
1014 2378 1053 2409 19
1079 2375 1221 2418 pedibus
1245 2387 1275 2415 z,
1300 2375 1469 2417 peditibus
1498 2386 1538 2408 vz
1562 2374 1574 2419 ΙΙ

150 2423 192 2455 22
219 2431 256 2454 e*
292 2420 377 2461 (fuit
401 2422 454 2461 ex)
483 2432 501 2453 υ
518 2421 530 2463 ΙΙ
550 2421 590 2454 23
626 2431 663 2453 ac
695 2420 821 2452 deleme
852 2419 1018 2463 Cortmsfl
1038 2422 1079 2453 29
1104 2419 1229 2453 Mauris
1258 2423 1338 2463 post
1368 2421 1572 2462 praemissus

152 2469 291 2499 traiecit
307 2478 335 2500 π
353 2465 364 2509 ΙΙ
382 2467 423 2500 30
448 2466 496 2499 uti
523 2475 587 2497 om.
606 2476 634 2498 π
653 2464 701 2509 ss*
680 2475 697 2498 e
725 2475 763 2498 ac
788 2465 902 2498 statim
928 2465 1070 2509 profecti
1096 2465 1116 2498 ’s'
1139 2466 1215 2508 quia
1241 2464 1318 2498 talia
1345 2465 1385 2498 de
1403 2477 1431 2497 π
1450 2465 1461 2509 ΙΙ
1478 2465 1569 2509 quia]

151 2511 241 2555 quod
266 2522 284 2543 v
304 2511 316 2554 u
333 2513 374 2545 33
408 2516 441 2543 et
466 2512 642 2553 eoepunoeit
664 2513 701 2542 in
728 2521 745 2542 υ
770 2520 894 2542 manus
920 2521 976 2553 pr.
1000 2510 1011 2554 Η
1040 2512 1080 2544 35
1112 2510 1251 2543 consilia
1284 2510 1367 2543 ierat
1400 2514 1570 2553 praeterea

151 2567 233 2598 πυι,
257 2557 341 2590 ierat
366 2566 430 2589 om.
453 2557 561 2599 pauci
583 2567 602 2587 z

1652 29 1703 192 l

1666 191 1677 232 'l

1667 231 1677 273 ’ζ

1604 404 1624 435 5
1672 284 1683 555 ι

1678 562 1684 594 ³

1608 662 1685 730 10}

1603 1527 1699 1578 25·

1603 2090 1641 2122 35

1607 966 1691 1015 ιε)Ε

1602 1222 1689 1279 20¹
