1709 2885
65 797 100 828 10

63 1110 100 1141 15

61 1390 102 1421 20

468 100 601 134 EPIST.
627 100 796 134 POMPEI.
845 99 1002 133 ORATIO
1027 99 1161 132 MACRI
1458 95 1539 136 119

127 217 247 251 orem,
269 216 367 255 quae
390 216 470 243 non
491 203 538 243 ab
559 203 736 242 hostibus
757 208 924 249 tenetur,
947 215 1019 241 nos
1040 208 1105 241 aut
1125 202 1322 241 Sertorius
1351 201 1397 240 ad
1418 201 1541 240 inter-

128 261 331 301 necionem
353 261 581 299 vastavimus
602 265 756 310 praeter
775 259 1000 297 maritumas
1022 259 1194 306 civitatis,
1223 270 1320 309 quae
1341 257 1444 296 ultro
1468 270 1540 295 no-

126 318 186 357 bis
207 317 378 368 sumptui
409 317 609 367 onerique.
660 315 777 354 Gallia
808 315 1010 366 superiore
1031 327 1134 353 anno
1155 314 1298 353 Metelli
1327 314 1541 353 exercitum

128 374 321 425 stipendio
341 373 616 423 frumentoque
631 371 725 409 aluit
746 377 782 410 et
803 383 909 409 nunc
929 370 1039 409 malis
1059 370 1251 409 fructibus
1271 370 1355 421 ipsa
1377 369 1437 408 vix
1458 369 1538 420 agi-

126 436 192 470 tat.
234 441 305 480 ego
327 442 406 468 non
428 441 510 468 rem
531 427 756 467 familiarem
778 427 906 476 modo,
929 439 1062 466 verum
1085 427 1196 466 etiam
1217 426 1333 465 fidem
1356 437 1539 465 consum-

129 486 202 537 psi.
241 485 380 536 reliqui
402 498 468 524 vos
498 484 608 523 estis:
639 483 705 533 qui
727 483 801 522 nisi
823 483 1053 531 subvenitis,
1085 483 1203 521 invito
1227 488 1263 521 et
1292 482 1539 534 praedicente
1566 488 1605 521 to

128 554 190 581 me
212 542 404 581 exercitus
433 541 524 579 hinc
545 546 582 579 et
611 551 697 578 cum
721 551 765 577 eo
788 551 902 578 omne
932 539 1076 579 bellum
1097 539 1305 590 Hispaniae
1335 540 1375 578 in
1396 538 1542 577 Italiam

127 597 473 649 transgredientur.

511 716 720 761 ORATIO
751 716 925 760 MACRI
955 718 1042 760 ΤΒ.
1073 717 1155 760 PL.

680 782 745 816 AD
771 782 983 817 PLEBEM.

242 876 298 923 Si,
320 876 502 923 Quirites,
524 887 661 926 parum
684 875 966 914 existumaretis
980 906 988 922 ,
1021 876 1114 926 quid
1135 875 1238 914 inter
1258 875 1319 913 ius
1349 887 1368 913 3
1389 873 1545 913 maiori·
1569 878 1592 912 1

131 933 202 972 bus
230 932 406 971 relictum
428 932 537 970 vobis
558 938 595 970 et
624 931 697 970 hoc
718 943 738 969 a
760 931 865 970 Sulla
893 937 1069 983 paratum
1099 931 1296 970 servitium
1327 931 1544 977 interesset,

128 989 260 1028 multis
289 989 383 1027 mihi
412 988 686 1027 disserundum
716 988 788 1026 fuit
820 987 1085 1038 docendique,
1117 999 1212 1038 quas
1235 987 1284 1026 011
1316 987 1477 1026 iniurias
1509 992 1545 1025 et

129 1045 310 1096 quotiens
331 1057 352 1083 a
374 1044 548 1096 patribus
569 1049 712 1083 armata
732 1043 866 1095 plebes
887 1044 1112 1083 secessisset
1132 1044 1268 1094 utique
1284 1043 1456 1082 vindices
1476 1054 1545 1094 pa-

131 1101 289 1141 ravisset
310 1101 436 1140 omnis
457 1101 553 1139 iuris
573 1100 631 1138 sui
653 1099 832 1139 tribunos
860 1100 998 1156 plebis.
1047 1112 1153 1138 nune
1169 1099 1315 1138 hortari
1345 1100 1460 1138 modo
1483 1111 1545 1137 re·
1568 1105 1588 1138 2

129 1158 246 1196 licum
269 1164 328 1197 est
348 1163 385 1196 et
398 1157 454 1196 ire
470 1156 639 1208 primum
654 1156 725 1204 via,
749 1169 823 1207 qua
840 1156 1121 1208 capessundam
1134 1155 1302 1196 arbitror
1316 1155 1544 1194 libertatem.

131 1226 258 1264 neque
278 1226 339 1252 me
359 1213 555 1264 praeterit,
578 1218 740 1264 quantas
762 1225 855 1264 opes
876 1212 1086 1252 nobilitatis
1107 1212 1214 1252 solus
1235 1213 1418 1264 inpotens
1439 1211 1546 1250 inani
1570 1218 1589 1251 3

130 1270 259 1322 specie
279 1270 524 1320 magistratus
541 1269 686 1320 pellere
716 1269 979 1308 dominatione
999 1268 1181 1320 incipiam
1195 1300 1205 1317 ,
1238 1275 1462 1319 quantoque
1483 1273 1546 1306 tu-

128 1327 206 1366 tius
221 1327 337 1366 factio
353 1325 560 1364 noxiorum
575 1331 661 1375 agat
681 1337 796 1376 quam
812 1325 883 1364 soli
904 1326 1147 1364 innocentes.
1184 1325 1251 1364 sed
1268 1331 1421 1376 praeter
1436 1335 1546 1375 spem
1569 1331 1589 1363 4

131 1383 272 1421 bonam
294 1395 339 1421 ex
360 1381 479 1428 vobis,
501 1394 599 1432 quae
620 1387 766 1420 metum
786 1382 888 1429 vicit,
911 1381 1025 1420 statui
1048 1381 1269 1420 certaminis
1293 1381 1452 1420 advorsa
1474 1391 1545 1431 pro

98 1439 304 1493 ‚libertate
334 1439 486 1489 potiora
517 1450 601 1477 esse
630 1438 720 1475 forti
751 1437 832 1476 viro
864 1450 979 1488 quam
1020 1438 1179 1476 omnino
1212 1449 1291 1476 non
1329 1437 1545 1476 certavisse.

61 1669 101 1702 25

61 1951 101 1983 30

129 1507 363 1546 quamquam
384 1506 521 1533 omnes
541 1494 604 1533 alii
627 1494 743 1532 creati
764 1505 836 1544 pro
858 1493 943 1532 iure
963 1500 1092 1532 vostro
1114 1494 1188 1532 vim
1216 1501 1395 1533 cunctam
1416 1498 1453 1532 et
1473 1492 1546 1531 im·
1569 1499 1589 1531 5

129 1552 235 1603 peria
256 1564 325 1590 sua
346 1551 466 1601 gratia
487 1556 552 1589 aut
572 1562 640 1601 spe
661 1556 727 1588 aut
741 1549 923 1601 praemiis
944 1550 984 1588 in
1000 1562 1066 1588 vos
1083 1557 1312 1588 convortere
1328 1549 1546 1599 meliusque

129 1607 272 1647 habent
291 1607 468 1646 mercede
490 1606 717 1657 delinquere
734 1618 849 1657 quam
871 1606 989 1655 gratis
1010 1611 1115 1645 recte
1135 1606 1275 1645 facere.
1313 1606 1442 1657 itaque
1464 1617 1546 1643 om·
1570 1611 1590 1644 6

131 1676 200 1703 nes
221 1675 451 1703 concessere
472 1663 547 1701 iam
568 1662 608 1701 in
630 1674 843 1713 paucorum
866 1662 1181 1709 dominationem,
1204 1663 1270 1713 qui
1292 1674 1363 1713 per
1382 1660 1548 1700 militare

130 1732 273 1759 nomen
295 1720 485 1759 aerarium
507 1719 700 1758 exercitus
721 1730 840 1768 regna
865 1719 1084 1768 provincias
1106 1730 1344 1769 occupavere
1361 1725 1399 1757 et
1419 1728 1548 1756 arcem

130 1776 274 1816 habent.
293 1789 339 1815 ex
360 1775 495 1826 spoliis
515 1774 667 1821 vostris,
700 1786 788 1812 cum
810 1774 964 1812 interim
984 1786 1093 1813 more
1121 1786 1308 1825 pecorum
1328 1785 1395 1812 vos
1416 1773 1548 1812 multi-

129 1833 223 1872 tudo
253 1831 417 1882 singulis
446 1830 646 1869 habendos
680 1829 948 1881 fruendosque
978 1830 1194 1881 praebetis,
1232 1830 1336 1869 exuti
1366 1829 1548 1868 omnibus

130 1901 229 1940 quae
249 1888 416 1926 maiores
437 1886 650 1937 reliquere3
681 1885 756 1925 nisi
778 1886 867 1937 quia
886 1886 1075 1926 vobismet
1094 1886 1169 1938 ipsi
1190 1898 1262 1938 per
1282 1886 1476 1936 suffragia,
1506 1890 1552 1924 ut

130 1944 327 1996 praesides
348 1943 452 1990 olim,
475 1955 583 1981 nunc
602 1942 782 1981 dominos
803 1942 1014 1982 destinatis.
1056 1943 1185 1994 itaque
1207 1955 1436 1982 concessere
1456 1941 1550 1980 illuc
1571 1949 1591 1981 7

131 2012 279 2047 omnes,
301 2006 340 2039 at
359 2011 461 2047 mox,
484 1999 516 2037 si
536 2003 664 2037 vostra
683 1998 924 2050 receperitis,
945 1999 991 2038 ad
1007 2011 1073 2038 vos
1094 1999 1282 2051 plerique.
1324 1999 1422 2038 raris
1444 1998 1548 2037 enim

131 2057 283 2095 animus
306 2062 364 2095 est
391 2055 438 2094 ad
460 2067 514 2102 ea,
537 2067 635 2105 quae
658 2054 834 2106 placent,
867 2055 1136 2104 defendunda‚
1174 2055 1291 2094 ceteri
1322 2054 1548 2095 validiorum

132 2118 236 2152 sunt.
278 2125 326 2151 an
357 2111 516 2151 dubium
544 2110 716 2158 hahetis,
750 2123 843 2150 num
873 2111 1028 2151 officere
1058 2112 1151 2163 quid
1171 2111 1278 2150 vobis
1309 2123 1388 2150 uno
1418 2110 1547 2150 animo
1571 2117 1591 2151 8

132 2168 385 2221 pergentibus
406 2167 542 2219 possit,
564 2179 662 2217 quos
682 2166 887 2217 languidos
901 2168 1163 2219 socordesque
1184 2165 1451 2220 pertimuere?
1473 2166 1550 2205 nisi

134 2226 233 2264 forte
255 2224 295 2264 C.
319 2222 447 2270 Cotta,
478 2235 524 2262 ex
543 2223 710 2262 factione
731 2224 856 2262 media
877 2225 1039 2272 consul,
1071 2225 1181 2263 aliter
1203 2236 1316 2275 quam
1338 2229 1443 2262 metu
1464 2223 1549 2262 iura

133 2281 318 2332 quaedam
338 2279 507 2319 tribunis
528 2278 652 2330 plebis
672 2280 853 2319 restituit.
900 2286 936 2319 et
958 2293 1189 2332 quamquam
1212 2280 1254 2320 L.
1277 2280 1447 2319 Sicinius
1467 2279 1550 2331 pri-

226 2427 244 2458 2
271 2435 357 2468 quae
374 2428 454 2457 ante
470 2423 558 2457 ultro
576 2433 640 2456 om.
656 2423 698 2465 V,
720 2426 872 2456 inseruit
887 2424 998 2456 Aldus
1017 2423 1028 2467 Η
1047 2426 1064 2458 3
1091 2424 1253 2467 onorique
1271 2423 1304 2456 V
1317 2423 1330 2467 fl
1349 2425 1368 2457 9
1391 2422 1550 2456 ORATIO

137 2479 270 2513 MAGRI
292 2479 392 2512 TRIB
407 2507 413 2512 .
429 2478 534 2512 PLEB
550 2506 556 2512 .
570 2478 627 2511 AD
650 2469 713 2512 P-L.
740 2478 798 2524 Vn
820 2481 859 2513 13
884 2479 1140 2523 docendumque
1163 2480 1376 2521 Pomponius
1391 2478 1521 2511 Laetus
1539 2478 1552 2522 fl

137 2527 179 2559 29
202 2525 371 2558 nobismet
387 2525 452 2568 ipsi
472 2524 620 2565 Cor-tius,
643 2525 810 2557 nobismet
827 2525 910 2567 ipsis
928 2525 968 2567 V,
992 2529 1124 2558 uosmet
1141 2525 1205 2568 ipsi
1222 2524 1334 2557 Aldus
1351 2523 1364 2567 l]
1381 2525 1422 2557 32
1439 2524 1551 2558 iacent

140 2570 260 2613 Miihly
285 2569 373 2603 Νου.
398 2580 479 2602 ann.
505 2569 570 2602 vol.
595 2569 639 2602 77
660 2580 694 2612 p.
719 2569 763 2603 80
