1709 2885
632 69 687 102 DE
711 69 766 102 RE
791 68 972 102 PUBLICA
995 68 1022 101 11
1465 64 1543 104 139

121 172 258 224 primis
279 173 547 212 auctoritatem
567 172 758 223 pecuniae
778 172 933 210 demito.
970 182 1099 222 neque
1129 171 1175 210 de
1201 170 1324 222 capite
1346 183 1475 222 neque
1497 171 1544 210 de

121 230 270 268 honore
301 241 346 267 ex
376 229 499 280 copiis
528 229 733 279 quisquam
761 228 882 278 magis
910 234 976 266 aut
1003 228 1134 266 minus
1163 226 1409 274 iudicaverit,
1441 227 1542 266 sicut

122 297 250 335 neque
282 290 438 336 praetor
469 297 596 336 neque
627 285 765 323 consul
795 297 840 322 ex
871 283 1070 335 opulentia
1100 295 1234 321 verum
1270 296 1314 321 ex
1353 283 1540 333 dignitate

122 349 288 381 creetur.
330 341 396 380 sed
418 341 465 380 de
486 340 711 391 magistratu
739 340 850 379 facile
879 340 1015 391 populi
1045 339 1233 378 iudicium
1258 340 1317 377 fit:
1349 339 1499 378 iudices
1521 351 1541 378 a
1568 346 1600 377 11

120 398 256 449 paucis
276 397 432 448 probari
455 409 619 448 regnum
641 402 717 444 est,
751 409 795 435 ex
823 396 989 447 pecunia
1008 396 1083 446 legi
1106 396 1371 434 inhonestum.
1421 408 1541 446 quare

122 466 257 492 omnes
279 454 425 504 primae
448 453 579 492 classis
604 453 774 491 iudicare
795 453 941 504 placet,
974 453 1039 491 sed
1065 464 1228 491 numero
1260 451 1394 503 plures
1424 464 1540 502 quam

120 510 305 549 iudicant.
337 521 463 560 neque
475 509 645 548 Rhodios
662 521 789 559 neque
807 509 899 547 alias
916 509 1085 547 civitates
1108 520 1279 558 unquam
1306 508 1540 547 iudiciorum
1566 514 1602 546 12

120 577 281 604 suorum
303 566 505 616 paenituit,
527 565 594 604 ubi
616 565 836 616 promiscue
858 566 960 604 dives
983 572 1019 604 et
1044 576 1205 615 pauper,
1234 571 1276 603 ut
1297 564 1439 615 cuique
1459 565 1541 604 fors

119 622 219 671 tulit,
243 622 288 660 de
310 622 485 660 maximis
506 621 624 661 rebus
646 622 749 660 iuxta
769 633 813 660 ac
835 621 880 659 de
902 622 1071 660 minimis
1093 621 1293 671 disceptat.

232 678 307 717 Sed
323 678 610 728 magistratibus
627 678 803 716 creandis
819 677 921 716 haud
943 678 1038 716 mihi
1060 677 1216 728 quidem
1232 677 1400 728 apsurde
1416 677 1542 728 placet
1565 681 1588 716 8

118 734 192 782 lex,
215 747 329 785 quam
354 734 393 773 C.
416 733 613 772 Gracchus
635 734 673 772 in
696 734 894 772 tribunatu
918 734 1240 784 promulgaverat,
1270 740 1312 772 ut
1334 746 1380 772 ex
1401 734 1540 772 confu-

117 791 171 830 sis
191 791 366 841 quinque
387 790 575 829 classibus
596 796 699 829 sorte
723 790 920 829 centuriae
940 797 1184 829 vocarentur.
1234 790 1283 828 ita
1306 796 1541 841 coaequatur
1563 797 1582 829 2

118 847 303 896 dignitate
334 846 513 897 pecunia,
544 846 683 885 virtute
714 847 862 885 anteire
892 846 989 885 alius
1011 846 1127 886 alium
1149 846 1385 897 properabit.
1446 846 1540 885 haec
1564 854 1583 885 3

119 914 188 952 ego
210 915 349 953 magna
368 902 538 941 remedia
569 909 705 941 contra
727 903 875 942 divitias
903 909 1042 941 statuo.
1091 915 1179 941 nam
1211 903 1374 953 perinde
1404 915 1539 941 omnes

118 971 180 997 res
202 959 408 998 laudantur
428 965 542 1009 atque
564 959 812 1010 adpetuntur,
845 964 884 997 ut
914 972 1045 997 earum
1068 971 1200 997 rerum
1231 971 1326 998 usus
1348 966 1417 998 est.
1459 971 1539 997 ma—

116 1015 196 1053 litia
214 1015 394 1067 praemiis
411 1021 632 1054 exercetur:
656 1015 723 1053 ubi
740 1028 782 1054 ea
792 1016 1019 1066 dempseris,
1043 1028 1157 1054 nemo
1180 1016 1355 1054 omnium
1371 1015 1538 1066 gratuito

115 1071 240 1110 malus
263 1077 332 1110 est.
384 1077 558 1110 ceteium
587 1072 740 1116 avalitia
760 1071 874 1110 belua
895 1073 975 1111 seia
996 1072 1163 1110 inmanis
1185 1072 1428 1110 intoleranda
1457 1078 1538 1111 est:
1562 1079 1583 1110 4

115 1140 193 1178 quo
215 1127 394 1175 intendit,
417 1127 561 1189 oppida
581 1140 694 1178 agros
715 1128 801 1167 fana
823 1136 938 1179 atque
959 1128 1094 1166 domos
1118 1135 1258 1173 vastat,
1293 1128 1420 1167 dixina
1450 1140 1539 1166 cum

114 1183 296 1223 humanis
317 1184 545 1235 permiscet
576 1197 703 1235 neque
725 1185 916 1223 exercitus
946 1197 1073 1235 neque
1096 1185 1247 1224 moenia
1270 1184 1436 1226 obstant,
1460 1196 1537 1234 quo

115 1240 245 1278 minus
276 1240 309 1279 vi
340 1253 407 1279 sua
433 1247 631 1291 penetret3
666 1240 765 1279 fama
794 1241 978 1292 pudicitia
1008 1241 1141 1280 liberis
1170 1242 1292 1292 patria
1322 1248 1438 1292 atque
1470 1253 1539 1292 pa-

114 1296 292 1335 lentibus
314 1303 476 1335 cunctos
497 1297 671 1335 m01talis
693 1297 842 1348 spoliat.
880 1310 1024 1344 xeium
1047 1298 1079 1336 si
1101 1298 1290 1348 pecuniae
1309 1297 1427 1336 decus
1449 1297 1538 1336 ade-

113 1353 253 1401 meris,
275 1365 414 1403 magna
431 1353 494 1392 illa
510 1354 565 1391 vis
587 1354 762 1392 avaritiae
784 1353 894 1392 facile
916 1354 1029 1392 bonis
1050 1354 1226 1393 moribus
1246 1354 1436 1394 vincetur.
1482 1360 1539 1393 at·
1563 1360 1582 1391 6

113 1421 190 1460 que
205 1409 299 1448 haec
316 1409 366 1447 ita
388 1421 472 1448 sese
494 1409 636 1448 habere
658 1411 809 1448 tametsi
828 1423 962 1448 omnes
983 1411 1096 1461 aequi
1116 1417 1231 1461 atque
1248 1410 1373 1461 iniqui
1391 1422 1538 1449 memo-

113 1471 214 1513 rant,
236 1472 366 1505 tamen
382 1465 451 1504 tihi
473 1478 563 1505 cum
577 1466 746 1505 factione
768 1466 980 1505 nobilitatis
1002 1467 1094 1505 haut
1114 1467 1364 1506 mediocriter
1386 1471 1539 1505 certan-

113 1521 205 1560 dum
226 1528 296 1561 est.
337 1522 479 1572 quoius
501 1521 534 1560 si
554 1522 685 1561 dolum
708 1522 867 1569 caveris,
897 1522 968 1561 alia
991 1524 1120 1562 omnia
1150 1524 1190 1562 in
1213 1523 1374 1574 proclivi
1408 1529 1536 1561 erunt.

111 1590 200 1616 nam
221 1578 260 1623 ii.
283 1578 315 1616 si
332 1578 487 1617 viritute
510 1578 601 1617 satis
619 1579 802 1627 valerent,
825 1579 945 1629 magis
967 1579 1109 1618 aemuli
1126 1579 1320 1618 bonorum
1338 1592 1453 1630 quam
1476 1580 1537 1618 in-
1560 1586 1579 1617 7

108 1634 185 1672 vidi
206 1641 348 1673 essent.
399 1635 488 1685 quia
510 1634 652 1673 desidia
675 1641 711 1672 et
732 1635 883 1681 inertia,
907 1641 1044 1686 stupor
1066 1648 1131 1674 eos
1153 1642 1268 1687 atque
1290 1636 1454 1687 torpedo
1476 1636 1536 1674 in-

108 1690 216 1738 vasit,
247 1696 428 1741 strepunt
448 1690 678 1737 obtrectant,
708 1691 870 1730 alienam
894 1692 1030 1730 famam
1054 1692 1193 1731 bonam
1225 1705 1340 1731 suum
1369 1692 1536 1731 dedecus

110 1752 338 1786 aestumant.

223 1803 299 1842 Sed
321 1803 411 1853 quid
436 1815 507 1853 ego
531 1803 642 1853 plura
673 1804 783 1853 quasi
810 1803 856 1842 de
878 1803 1021 1854 ignotis
1051 1801 1294 1841 memorem?
1325 1803 1375 1841 M.
1407 1803 1537 1842 Bibuli
1564 1806 1587 1841 9

107 1859 295 1898 fortitudo
325 1866 440 1909 atque
471 1859 588 1897 animi
617 1859 672 1897 vis
705 1860 744 1898 in
775 1860 1020 1898 consulatum
1051 1860 1199 1910 erupit3
1237 1860 1356 1898 hebes
1387 1860 1534 1910 lingua,

107 1915 231 1966 magis
251 1914 377 1953 malus
398 1927 512 1965 quam
535 1914 696 1954 callidus
716 1915 888 1966 ingenio.
931 1916 1024 1966 quid
1050 1915 1112 1954 ille
1134 1916 1285 1960 audeat,
1316 1916 1407 1967 quoi
1438 1929 1534 1956 con-

108 1971 277 2018 sulatus,
309 1971 516 2009 maximum
546 1971 766 2022 imperium,
788 1985 967 2011 maxumo
990 1971 1170 2011 dedecori
1190 1971 1293 2010 fuit?
1320 1985 1367 2011 an
1390 1973 1433 2011 L.
1455 1973 1533 2011 Do-
1558 1979 1576 2010 2

107 2028 190 2066 miti
213 2039 351 2078 magna
373 2027 428 2065 vis
451 2025 538 2066 est?
569 2028 710 2078 quoius
732 2029 882 2068 nullum
905 2029 1122 2068 membrum
1143 2041 1163 2067 a
1184 2029 1329 2078 flagitio
1355 2036 1419 2068 aut
1439 2029 1533 2068 faci-

61 2092 75 2098 ”
110 2095 206 2122 nore
226 2090 346 2131 vacat,
368 2083 500 2134 lingua
522 2096 617 2122 vana
639 2096 776 2123 manus
793 2092 976 2124 cruentae
998 2086 1117 2137 pedes
1139 2086 1318 2135 fugaces;
1341 2098 1439 2136 quae
1461 2086 1533 2124 ho-

108 2145 218 2179 neste
242 2139 436 2178 nominari
457 2146 660 2191 nequeunt
680 2141 1009 2181 inhonestissima.
1056 2142 1174 2180 unius
1196 2148 1323 2180 tamen
1346 2141 1396 2180 M.
1420 2142 1532 2181 Cato·
1557 2149 1575 2181 3

108 2196 170 2235 nis
191 2197 394 2247 ingenium
411 2203 609 2235 versutum
630 2197 772 2248 loquax
793 2198 974 2237 callidum
995 2198 1097 2237 haud
1119 2205 1341 2237 contemno.
1392 2211 1533 2249 paran—

107 2259 172 2291 tur
191 2253 287 2292 haec
308 2252 513 2303 disciplina
535 2252 783 2293 Graecorum.
835 2255 903 2293 sed
924 2255 1046 2293 virtus
1068 2255 1262 2304 vigilantia
1290 2254 1400 2292 labor
1430 2255 1533 2306 apud

1563 1305 1582 1336 ω(

198 2364 218 2396 8
242 2363 433 2406 promiscue
451 2375 496 2395 ea:
512 2364 637 2406 promis
641 2374 677 2397 ce
696 2365 733 2396 Ι
757 2365 768 2406 Η
799 2368 839 2398 12
865 2370 1095 2408 coaequantur
1121 2365 1162 2398 V.
1188 2365 1280 2397 unde
1304 2365 1453 2404 fortasse
1478 2376 1536 2408 pe-

108 2407 226 2440 cuniae
252 2408 437 2450 legendum
463 2411 599 2440 censuit
625 2409 774 2442 Orellins
792 2410 803 2453 Η
826 2412 861 2443 13
888 2411 994 2443 antire
1016 2411 1053 2442 Ι
1063 2410 1075 2453 ll
1098 2412 1136 2443 13
1163 2412 1251 2452 qnod
1277 2410 1420 2443 intendit
1447 2412 1535 2452 (sup.

108 2456 120 2485 t
144 2455 299 2494 prior-em
324 2457 354 2493 c)
380 2454 417 2485 l·
432 2453 443 2497 's
471 2456 513 2487 24
541 2453 634 2496 haut]
668 2461 723 2487 aut
751 2455 787 2487 V
807 2455 819 2496 ss
841 2457 882 2489 32
909 2455 989 2497 quid
1015 2466 1059 2487 (πυ
1083 2455 1175 2497 quod
1200 2455 1237 2487 Ι
1247 2455 1258 2496 li
1289 2455 1382 2497 quoi]
1411 2455 1467 2498 qui
1493 2456 1536 2497 V,

108 2497 335 2541 cuiLaetusss
356 2500 398 2532 34
423 2499 544 2542 quoius
530 2501 647 2531 —36
675 2499 960 2542 inhonestissima]
989 2499 1032 2539 ef.
1060 2504 1215 2532 contr-oz.
1235 2499 1382 2532 Sallusti
1407 2502 1444 2532 in
1465 2500 1533 2534 Οιᾞο

106 2542 139 2583 3,
157 2544 178 2576 5
197 2541 268 2586 1136
294 2544 418 2586 tamen]
445 2555 489 2576 an
516 2546 667 2576 tantum⁹
