1709 2885
534 101 586 133 DE
611 101 744 134 BELLO
768 100 1031 135 IUGURTHINO
1437 100 1488 140 97

80 216 159 244 rem
189 204 304 243 alium
334 205 433 256 pati,
465 205 673 255 plerosque
705 204 937 243 antevenire.
979 203 1121 255 quibus
1142 204 1259 243 rebus
1281 210 1320 244 et
1343 205 1490 245 artibus

79 260 183 300 brevi
205 260 324 299 Mario
347 261 595 312 miltibusque
616 261 850 299 carissumus
871 260 1007 299 sactus.

191 318 238 355 At
259 317 456 367 Iugurtha,
480 323 682 368 postquam
705 316 890 367 oppidum
914 316 1072 367 Capsam
1093 315 1266 367 aliosque
1282 317 1388 355 locos
1404 329 1490 356 mu·
1514 319 1560 355 97

80 373 182 412 nitos
204 378 241 412 et
261 373 331 411 sibi
354 373 472 420 utilis,
494 373 608 411 simul
629 378 666 411 et
687 384 862 423 magnam
884 372 1090 424 pecuniam
1110 372 1299 417 amiserat,
1321 373 1368 412 ad
1389 373 1487 412 Boc·

80 429 195 468 chum
217 429 376 468 nuntios
398 430 514 482 misit,
538 441 652 480 quam
673 429 841 479 primum
863 429 902 468 in
924 428 1140 467 Numidiam
1164 430 1294 479 copias
1323 429 1488 468 adduce-

18 535 22 537 *
77 490 156 530 ret,
177 485 302 536 proeli
332 485 501 524 faciundi
538 490 690 536 tempus
720 486 864 524 adesse.
915 497 1029 536 quem
1061 484 1127 523 ubi
1149 485 1322 524 cunctari
1344 486 1492 536 accepit
1514 492 1531 523 2

13 715 49 747 10

14 998 49 1030 15

79 548 115 580 et
136 541 294 580 dubium
317 541 407 580 belli
428 548 541 592 atque
556 541 662 592 pacis
677 541 846 579 rationes
862 541 1025 589 trahere,
1043 553 1179 579 rursus
1193 542 1248 579 uti
1265 549 1375 580 antea
1396 554 1487 592 pro-

76 609 214 636 xumos
244 597 326 636 eius
357 598 468 636 donis
499 597 700 648 conrupit,
722 597 874 648 ipsique
905 597 1037 636 Mauro
1069 597 1276 648 pollicetur
1298 597 1484 636 Numidae

78 659 228 704 partem
259 654 434 703 tertiam,
465 654 497 692 si
525 660 591 692 aut
610 652 774 692 Romani
796 653 922 692 Africa
953 653 1102 705 expulsi
1132 660 1196 692 aut
1225 654 1385 704 integris
1409 655 1489 693 suis

78 709 221 748 finibus
250 710 392 749 bellum
425 709 670 761 conpositum
702 709 814 747 foret.
855 721 899 747 eo
930 709 1101 760 praemio
1126 710 1291 748 inlectus
1312 710 1489 749 Bocchus
1513 717 1531 748 3

78 778 166 804 cum
182 777 318 816 magna
335 766 582 805 multitudine
599 765 823 815 Iugurtham
841 767 998 805 accedit.
1034 757 1086 805 ita
1101 766 1300 805 amborum
1320 767 1489 805 exercitu

79 822 291 861 coniuncto
307 822 468 861 Marium
486 823 559 860 iam
580 821 619 860 in
642 821 804 860 hiberna
820 822 1130 872 proficiscentem
1145 823 1205 860 vix
1222 822 1381 861 decuma
1398 835 1490 873 par-

77 883 114 916 te
146 878 205 916 die
235 878 382 929 reliqua
411 879 617 926 invadunt,
639 878 709 916 rati
732 883 906 925 noctem,
929 890 1027 929 quae
1048 879 1121 917 iam
1153 878 1301 925 aderat,
1325 885 1362 917 et
1382 879 1491 918 victis

78 933 148 972 sibi
170 935 413 973 munimento
435 935 517 973 fore
539 941 588 979 et,
611 934 642 973 si
663 934 858 981 vicissent,
884 934 988 972 nullo
1012 934 1300 986 impedimento,
1323 935 1410 986 quia
1433 935 1490 973 lo-

79 1002 213 1028 corum
233 990 402 1029 scientes
424 997 544 1037 erant,
568 996 701 1029 contra
722 990 906 1029 Romanis
927 996 1137 1041 utrumque
1159 1003 1289 1030 casum
1312 991 1351 1029 in
1381 998 1490 1030 tene-

76 1046 157 1085 bris
179 1046 433 1085 difficiliorem
454 1047 550 1085 fore.
591 1046 709 1095 igitur
730 1046 844 1085 simul
866 1046 1003 1085 consul
1025 1059 1070 1085 ex
1091 1047 1222 1086 multis
1244 1048 1290 1086 de
1319 1048 1488 1086 hostium
1514 1055 1532 1086 4

78 1101 241 1141 adventu
271 1104 451 1153 cognovit
481 1111 518 1142 et
546 1102 619 1153 ipsi
652 1103 781 1141 hostes
809 1103 969 1141 aderant
989 1108 1026 1141 et
1047 1102 1273 1154 priusquam
1298 1104 1489 1142 exercitus

78 1165 143 1197 aut
163 1158 305 1197 instrui
327 1164 391 1198 aut
412 1159 581 1197 sarcinas
604 1159 806 1209 colligere,
827 1159 995 1210 denique
1015 1164 1221 1210 antequam
1241 1159 1396 1210 signum
1426 1167 1491 1199 aut

79 1215 283 1265 imperium
315 1215 438 1254 ullum
471 1215 645 1265 accipere
676 1214 818 1266 quivit,
848 1216 997 1266 equites
1026 1216 1149 1254 Mauri
1184 1222 1299 1266 atque
1330 1215 1492 1262 Gaetuli,

80 1283 160 1309 non
183 1271 263 1310 acie
286 1283 413 1322 neque
434 1271 513 1309 ullo
534 1283 643 1310 more
663 1271 787 1322 proeli
810 1272 875 1310 sed
897 1272 1126 1317 catervatim,
1146 1273 1202 1311 uti
1219 1285 1397 1323 quosque
1413 1273 1493 1311 fors

80 1326 387 1376 conglobaverat,
404 1327 442 1365 in
461 1332 616 1366 nostros
632 1327 852 1366 incurrunt.
896 1328 962 1378 qui
980 1340 1114 1366 omnes
1135 1329 1277 1379 trepidi
1293 1328 1492 1381 inproviso
1516 1337 1534 1366 ἵ)

78 1388 182 1421 metu
207 1395 251 1422 ac
277 1389 404 1422 tamen
423 1383 574 1422 virtutis
590 1395 781 1422 memores
797 1390 863 1422 aut
877 1396 980 1423 arma
1007 1384 1211 1435 capiebant
1225 1391 1291 1423 aut
1306 1386 1495 1435 capientis

79 1439 173 1478 alios
194 1439 240 1477 ab
262 1439 439 1478 hostibus
461 1439 730 1487 defensabant;
753 1452 843 1490 pars
866 1453 987 1490 equos
1009 1440 1237 1487 escendere,
1268 1440 1415 1479 obviam
1438 1442 1494 1480 ire

81 1495 277 1543 hostibus,
300 1507 431 1547 pugna
452 1495 655 1534 latrocinio
676 1496 797 1546 magis
819 1508 933 1546 quam
955 1496 1103 1546 proelio
1126 1496 1262 1534 similis
1282 1497 1387 1543 fieri,
1410 1497 1494 1535 sine

81 1551 202 1602 signis
213 1551 297 1590 sine
314 1551 518 1590 ordinibus
534 1551 682 1601 equites
699 1552 926 1603 peditesque
942 1552 1120 1603 permixti
1138 1552 1274 1591 cedere
1290 1553 1495 1592 aliusalius

81 1607 325 1655 obtruncari,
346 1608 458 1647 multi
480 1614 614 1646 contra
636 1608 818 1646 advorsos
839 1620 1039 1647 acerrume
1060 1616 1280 1659 pugnantes
1309 1609 1355 1648 ab
1385 1617 1494 1660 tergo

80 1663 371 1711 circumveniri;
395 1676 523 1714 neque
544 1663 664 1702 virtus
685 1677 812 1714 neque
833 1676 936 1710 arma
958 1665 1050 1704 satis
1071 1670 1223 1713 tegere,
1246 1665 1334 1715 quia
1364 1666 1494 1704 hostes

80 1732 242 1758 numero
260 1720 392 1771 plures
409 1726 446 1758 et
460 1719 632 1770 undique
649 1720 875 1758 circumfusi
892 1726 1012 1759 erant.
1034 1721 1202 1771 denique
1218 1721 1381 1760 Romani
1394 1725 1420 1770 †
1432 1735 1495 1761 ve-

78 1781 181 1814 teres
203 1776 370 1826 novique
393 1782 430 1815 et
449 1776 499 1814 ob
521 1788 561 1814 ea
584 1776 751 1814 scientes
772 1775 877 1823 belli,
899 1776 1033 1827 siquos
1053 1776 1162 1815 locus
1183 1782 1248 1815 aut
1267 1789 1379 1816 casus
1402 1790 1495 1817 con-

81 1831 271 1879 iunxerat,
293 1832 398 1870 orbis
418 1833 546 1870 facere
566 1838 681 1882 atque
698 1832 748 1870 ita
765 1832 811 1870 ab
826 1832 1007 1871 omnibus
1023 1832 1198 1883 partibus
1216 1833 1330 1872 simul
1350 1834 1441 1872 tecti
1458 1841 1494 1873 et

79 1887 257 1926 instructi
287 1888 456 1926 hostium
486 1888 559 1926 vim
592 1887 870 1927 sustentabant.
911 1900 1038 1939 neque
1067 1889 1107 1927 in
1139 1901 1184 1927 eo
1214 1901 1351 1940 aspero
1374 1902 1493 1940 nego·
1517 1892 1566 1928 98

78 1943 132 1983 tio
152 1943 296 1982 Marius
316 1943 474 1982 territus
490 1948 555 1981 aut
574 1943 695 1994 magis
716 1956 829 1994 quam
850 1950 960 1984 antea
982 1945 1148 1984 demisso
1171 1945 1298 1984 animo
1321 1946 1406 1992 fuit,
1425 1947 1492 1986 sed

169 2066 190 2097 4
218 2063 395 2096 admiserat
422 2075 466 2096 ea:
495 2063 671 2097 adheserat
696 2064 748 2109 ΡΙΙ
769 2068 787 2099 5
813 2066 904 2098 misit
930 2067 966 2107 P,
991 2067 1094 2099 mittit
1115 2066 1204 2108 0116
1231 2067 1287 2099 ubi
1307 2067 1341 2108 C,
1365 2068 1411 2100 ibi
1438 2067 1496 2112 Pu

79 2110 98 2142 δ
116 2109 187 2141 eius
201 2109 264 2149 PC,
282 2119 346 2141 om.
365 2109 391 2141 C
405 2109 594 2141 deteriores
608 2108 620 2153 ss
632 2111 777 2153 corrupit
796 2111 859 2151 PC,
886 2112 1066 2153 corrumpit
1089 2112 1115 2144 C
1128 2112 1139 2154 ΙΙ
1159 2114 1178 2145 9
1193 2112 1219 2144 si
1238 2116 1295 2145 aut
1312 2124 1356 2145 ecc
1373 2114 1499 2146 sicutP

79 2154 89 2196 {2
108 2155 145 2186 12
164 2154 219 2186 uix
232 2164 266 2195 p.
285 2154 377 2186 iuxta
394 2155 423 2186 P
439 2154 450 2195 Η
471 2157 508 2187 13
527 2154 580 2187 die
597 2150 605 2161 ‘
617 2157 655 2187 in
671 2156 883 2188 reverendae
899 2159 1081 2188 vetustatis
1099 2152 1195 2189 lz'bro'
1216 2160 1351 2190 invenit
1365 2158 1494 2190 Gellius

78 2199 111 2240 9,
127 2198 247 2239 14,26,
273 2201 391 2240 itaque
407 2200 438 2231 P
459 2202 492 2230 et
517 2210 561 2231 ea:
580 2199 607 2231 C
621 2200 689 2232 duo
706 2210 814 2232 manu
828 2203 957 2243 prima,
981 2201 1045 2233 diei
1066 2200 1116 2244 CH
1145 2204 1183 2234 19
1209 2203 1316 2244 quiuit
1331 2203 1396 2242 PC,
1421 2204 1494 2246 qui-

77 2243 185 2276 uisset
211 2242 322 2287 01123
349 2243 528 2276 escendere
551 2245 654 2277 Aras.
678 2255 713 2287 p.
733 2245 811 2286 299,
836 2246 1015 2279 ascendere
1040 2246 1096 2279 PC
1109 2246 1120 2290 ΙΙ
1140 2248 1182 2280 24
1210 2247 1353 2280 latronio
1378 2248 1430 2289 Pla
1450 2250 1491 2281 25

78 2287 277 2331 peditesque
294 2288 357 2324 PC.
383 2298 448 2330 que
474 2299 538 2321 om.
561 2288 611 2332 CH
632 2290 747 2323 cedere
772 2290 857 2323 alius
881 2291 966 2323 alius
992 2291 1182 2324 obtruncari
1205 2294 1350 2334 scripsi.-
1375 2293 1492 2326 cedere

80 2334 145 2370 (εἰσ
161 2334 197 2374 P,
222 2333 359 2366 caedere
385 2333 486 2375 alii?)
514 2333 597 2367 alios
621 2334 706 2367 alios
731 2335 929 2368 obtruncare
946 2336 1002 2368 PC
1024 2338 1110 2375 (m'sz'
1125 2337 1220 2379 quod
1235 2337 1319 2370 alios
1343 2338 1493 2370 alteram

78 2388 143 2410 om.
167 2378 289 2410 saltem
321 2389 413 2410 unus
453 2389 496 2410 θα·
522 2379 575 2420 C),
606 2379 722 2412 cedere
748 2380 800 2413 alii
832 2380 888 2413 alii
920 2381 1118 2414 obtruncare
1150 2382 1310 2425 Linkerss
1331 2385 1372 2417 26
1397 2384 1493 2416 multi

77 2423 229 2465 Dietsclz,
253 2423 378 2455 multos
402 2423 464 2463 PC,
490 2423 595 2458 multa
616 2423 726 2467 0112ῖ
754 2426 877 2458 circum
902 2425 1006 2458 ueniri
1024 2426 1088 2466 PC,
1113 2426 1353 2460 circumuenire
1380 2428 1433 2470 Cu
1451 2430 1492 2462 29

78 2468 226 2510 nouique
250 2467 314 2500 del.
331 2467 426 2500 Kritz
449 2468 555 2507 (conl.
568 2468 622 2510 87,
635 2470 708 2511 31),
733 2474 765 2502 et
791 2470 834 2503 ob
859 2481 887 2504 e.
906 2481 930 2503 s.
949 2470 1029 2502 belli
1045 2471 1206 2504 Dietsclz:
1230 2472 1379 2510 fortasse
1403 2473 1493 2515 quod

77 2516 171 2544 erant
197 2523 220 2545 s.
239 2512 282 2551 b.,
307 2515 379 2544 nisi
401 2516 514 2545 tamen
532 2517 614 2546 ante
635 2519 669 2546 et
685 2515 728 2547 ob
747 2516 918 2557 quaedam
935 2516 1135 2548 eoecz’dmnt
1149 2519 1264 2558 eisque
1282 2517 1342 2549 illa
1360 2523 1492 2551 ueteres

79 2557 225 2599 nouique
248 2559 436 2590 substituta
458 2560 540 2599 Sint,
567 2557 610 2598 ef.
638 2558 712 2600 100,
736 2561 752 2592 1
772 2559 843 2603 1130
869 2560 977 2593 facere
1004 2560 1037 2596 C,
1062 2560 1170 2593 fecere
1195 2561 1251 2594 PC

146 2629 311 2656 Sallustius.
348 2629 398 2656 Ed.
412 2629 447 2656 11.
1214 2631 1230 2660 Τ
