1709 2885
198 83 250 121 44
702 83 735 116 C.
755 82 958 116 SALLUSTI
984 81 1118 115 CRISPI

198 187 387 239 praesidia
408 186 518 236 regni
539 193 644 234 sunt,
666 197 798 225 verum
819 185 944 231 amici,
976 197 1074 236 quos
1096 197 1221 235 neque
1243 184 1358 224 armis
1379 195 1519 235 cogere
1540 197 1608 224 ne·
1653 203 1659 208 ·

156 252 174 282 5
200 256 275 295 que
289 255 384 281 auro
401 255 536 294 parare
552 254 690 293 queas:
715 241 842 280 officio
864 247 901 280 et
922 241 995 280 fide
1011 242 1230 293 pariuntur.
1263 241 1349 292 quis
1369 246 1496 280 autem
1515 240 1608 280 ami-

198 301 280 339 cior
302 311 417 350 quam
437 300 555 338 frater
575 296 712 337 fratri?
735 304 800 337 aut
822 309 937 349 quem
953 297 1119 337 alienum
1137 297 1254 336 fidum
1273 296 1456 346 invenies,
1478 296 1508 335 si
1533 296 1608 335 tuis

155 362 173 393 6
197 355 321 394 hostis
344 353 492 394 fueris?
520 354 699 406 equidem
722 366 792 404 ego
815 354 921 392 vobis
942 366 1106 403 regnum
1129 353 1236 393 trado
1259 354 1433 399 firmum,
1463 352 1496 391 si
1517 352 1608 391 boni

198 411 318 458 eritis,
341 411 400 450 sin
423 412 525 457 mali,
547 410 785 449 inbecillum.
827 422 916 448 nam
938 410 1141 449 concordia
1173 422 1308 461 parvae
1331 421 1392 447 res
1413 414 1609 456 crescunt,

154 475 171 506 7
197 468 387 506 discordia
410 479 608 506 maxumae
639 466 874 505 dilabuntur.
927 474 1097 506 ceterum
1119 474 1206 505 ante
1229 466 1300 504 lios
1321 471 1379 515 te,
1412 464 1608 515 Iugurtha,

198 524 264 574 qui
285 529 406 562 aetate
429 529 465 562 et
486 524 674 574 sapientia
697 523 804 573 prior
825 535 878 569 es,
902 536 949 561 ne
971 523 1079 562 aliter
1099 523 1189 573 quid
1214 521 1384 568 eveniat,
1406 521 1608 573 providere

196 580 317 619 decet.
357 592 443 618 nam
467 579 506 618 in
530 579 632 618 omni
658 579 867 618 certamine
884 580 949 629 qui
973 579 1197 630 opulentior
1218 585 1287 623 est,
1306 578 1452 617 etiamsi
1469 577 1610 628 accipit

153 643 172 675 8
195 636 391 682 iniuriam,
424 641 550 674 tamen
583 636 671 686 quia
704 635 790 686 plus
822 642 961 686 potest,
993 638 1118 674 facere
1149 635 1308 673 videtur.
1370 646 1435 672 vos
1465 639 1607 679 autem,

198 691 390 730 Adherbal
421 698 458 730 et
480 691 697 742 Hiempsal,
729 691 841 730 colite
862 691 1059 731 observate
1081 691 1192 730 talem
1220 692 1325 729 hunc
1347 690 1490 735 virum,
1523 689 1607 727 imi-

195 748 329 787 tamini
352 748 530 787 virtutem
554 754 590 786 et
611 747 824 795 enitimini,
856 761 903 786 ne
926 760 996 798 ego
1022 748 1201 786 meliores
1223 747 1366 785 liberos
1395 745 1608 796 sumpsisse

195 805 324 843 videar
344 816 458 855 quam
481 801 687 854 genuisse?

125 865 170 899 11
309 861 364 899 Ad
387 873 429 899 ea
455 860 638 910 Iugurtha
661 860 808 899 tametsi
842 872 971 911 regem
994 862 1079 899 licta
1102 859 1273 898 locutum
1306 857 1552 908 intellegebat
1573 864 1610 896 et

195 917 277 968 ipse
300 917 413 966 longe
435 917 544 955 aliter
566 917 694 955 animo
717 916 894 966 agitabat,
918 922 1045 955 tamen
1067 928 1136 967 pro
1161 922 1335 965 tempore
1357 914 1525 964 benigne
1547 926 1607 952 re-

152 980 170 1010 2
194 973 361 1023 spondit.
398 973 556 1024 Micipsa
576 973 708 1023 paucis
726 979 813 1023 post
830 972 965 1011 diebus
986 973 1162 1010 moritur.
1201 976 1406 1022 postquam
1426 971 1477 1009 illi
1500 981 1608 1008 more

195 1029 301 1077 regio
325 1030 422 1068 iusta
455 1029 655 1078 magnifice
680 1030 863 1075 fecerant,
897 1028 1019 1079 reguli
1046 1029 1083 1067 in
1107 1040 1228 1066 unum
1256 1034 1535 1073 convenerunt,
1568 1034 1610 1066 ut

152 1091 170 1124 3
195 1085 296 1124 inter
317 1098 358 1124 se
379 1086 425 1124 de
448 1086 598 1124 cunctis
621 1085 786 1135 negotiis
808 1085 1079 1136 disceptarent.
1121 1084 1187 1122 sed
1210 1083 1416 1133 Hiempsal,
1449 1083 1514 1134 qui
1537 1082 1608 1120 mi-

198 1154 342 1180 numus
364 1155 409 1180 ex
432 1142 506 1180 illis
528 1149 620 1185 erat,
654 1147 788 1180 natura
811 1142 918 1179 ferox
949 1148 986 1179 et
1007 1142 1079 1179 iam
1097 1147 1206 1178 antea
1231 1139 1508 1187 ignobilitatem
1540 1138 1607 1176 Iu-

196 1198 371 1248 gurthae,
400 1198 487 1248 quia
511 1205 687 1237 materno
711 1209 853 1247 genere
876 1198 988 1248 inpar
1009 1203 1102 1242 erat,
1125 1195 1356 1245 despiciens,
1380 1195 1509 1233 dextra
1532 1195 1608 1233 Ad-

193 1254 387 1293 herbalem
409 1254 567 1297 adsedit,
591 1267 639 1292 ne
661 1254 810 1292 medius
832 1265 877 1291 ex
901 1252 1044 1297 tribus,
1075 1252 1179 1302 quod
1201 1250 1304 1304 apud
1325 1249 1508 1289 Numidas
1537 1251 1606 1289 ho-

151 1318 168 1347 4
194 1311 281 1348 nori
303 1310 471 1356 ducitur,
494 1310 679 1360 Iugurtha
703 1311 813 1348 soret.
849 1309 938 1347 dein
962 1316 1088 1347 tamen
1112 1314 1153 1346 ut
1173 1307 1285 1346 aetati
1309 1307 1539 1347 concederet
1553 1307 1608 1346 sa-

150 1374 168 1404 5
194 1366 334 1416 tigatus
355 1379 375 1404 a
398 1368 526 1413 fratre,
559 1366 616 1404 vix
639 1366 676 1404 in
701 1372 848 1416 partem
879 1365 1034 1404 alteram
1057 1364 1303 1403 transductus
1326 1369 1395 1402 est.
1446 1363 1497 1402 ibi
1520 1375 1606 1402 cum

193 1422 313 1461 multa
335 1423 381 1461 de
403 1422 708 1461 administrando
732 1422 895 1473 imperio
917 1421 1166 1467 dissererent,
1189 1420 1372 1470 Iugurtha
1395 1420 1496 1458 inter
1515 1419 1607 1459 alias

188 1491 251 1517 res
269 1478 370 1526 iacit,
389 1485 571 1529 oportere
589 1478 835 1529 quinquenni
852 1475 1027 1516 consulta
1046 1484 1082 1516 et
1099 1477 1250 1515 decreta
1269 1477 1397 1514 onmia
1414 1476 1603 1526 rescindi:

189 1547 276 1573 nam
299 1546 367 1586 per
399 1547 441 1572 ea
474 1540 647 1585 tempora
679 1535 899 1572 consectum
931 1534 1043 1572 aunis
1074 1533 1273 1583 Micipsam
1310 1544 1446 1583 parum
1477 1533 1606 1571 animo

144 1597 164 1629 6
188 1591 364 1629 valuisse.
407 1590 612 1629 tum·idem
634 1589 829 1640 Hiempsal
849 1590 1005 1640 placere
1028 1589 1100 1627 sibi
1122 1589 1346 1639 respondit:
1370 1601 1457 1630 nam
1480 1589 1607 1639 ipsum

188 1647 294 1686 illum
322 1646 446 1685 tribus
468 1647 668 1698 proxumis
690 1647 801 1684 annis
827 1645 1073 1696 adoptatione
1105 1645 1142 1683 in
1177 1656 1338 1695 regnum
1370 1645 1606 1696 pervenisse.

144 1710 161 1740 7
187 1703 290 1755 quod
322 1702 480 1741 verbum
510 1703 548 1741 in
577 1709 712 1753 pectus
734 1702 944 1751 Iugurthae
973 1701 1087 1741 altius
1118 1713 1231 1751 quam
1264 1701 1470 1752 quisquam
1501 1707 1607 1739 ratus

143 1765 162 1798 8
187 1766 268 1798 erat
289 1759 500 1797 descendit.
543 1759 672 1809 itaque
701 1771 747 1796 ex
769 1770 814 1796 eo
838 1763 1012 1808 tempore
1044 1758 1098 1796 ira
1121 1764 1157 1795 et
1187 1763 1291 1796 metu
1315 1757 1452 1796 anxius
1478 1756 1603 1795 moliri

186 1827 322 1867 parare
352 1821 468 1866 atque
491 1827 532 1853 ea
553 1815 666 1853 modo
690 1826 778 1852 cum
799 1814 928 1852 animo
960 1813 1114 1857 habere,
1146 1813 1288 1864 quibus
1311 1813 1506 1864 Hiempsal
1537 1825 1606 1864 per

143 1878 163 1910 9
186 1872 317 1911 dolum
339 1877 555 1922 caperetur.
599 1883 697 1922 quae
719 1870 784 1909 uhi
803 1870 949 1909 tardius
970 1870 1190 1921 procedunt
1213 1882 1339 1920 neque
1361 1869 1507 1908 lenitur
1521 1869 1605 1909 ani-

184 1940 272 1967 mus
290 1929 412 1974 ferox,
434 1927 567 1966 statuit
588 1927 725 1978 quovis
746 1926 861 1964 modo
883 1926 1083 1977 inceptum
1105 1925 1306 1977 perficere.

108 1986 155 2022 12
297 1983 428 2022 Primo
451 1990 666 2028 conventu,
699 1995 812 2033 quem
835 1982 880 2020 ab
903 1982 1049 2033 regulis
1070 1983 1213 2021 factum
1244 1993 1362 2032 supra
1384 1981 1604 2027 memoravi,

184 2047 348 2092 propter
369 2039 652 2078 dissensionem
684 2040 881 2090 placuerat
903 2038 1017 2078 dividi
1044 2038 1247 2077 thesauros
1277 2037 1442 2087 finisque
1467 2036 1602 2088 imperi

140 2102 159 2135 2
183 2096 348 2148 singulis
370 2095 566 2134 constitui.
617 2095 746 2146 itaque
777 2103 930 2145 tempus
951 2095 996 2134 ad
1019 2101 1223 2145 utramque
1253 2105 1333 2133 rem
1364 2093 1601 2140 decernitur,

182 2153 251 2192 sed
269 2151 459 2191 maturius
481 2151 526 2190 ad
549 2152 755 2203 pecuniam
778 2151 1097 2190 distribuendam.
1137 2150 1261 2201 reguli
1287 2150 1433 2188 interea
1455 2149 1494 2187 in
1518 2148 1601 2188 loca

139 2214 157 2246 3
182 2208 403 2260 propinqua
426 2208 617 2247 thesauris
642 2207 738 2247 alius
760 2207 833 2246 alio
858 2219 1102 2246 concessere.
1153 2206 1218 2246 sed
1243 2204 1438 2255 Hiempsal
1460 2204 1498 2242 in
1531 2217 1600 2256 op-

180 2265 271 2317 pido
306 2263 503 2303 Thirmida
531 2265 631 2303 forte
660 2264 742 2303 eius
764 2264 878 2302 domo
911 2263 1112 2309 utebatur,
1145 2263 1211 2313 qui
1243 2273 1458 2313 proxumus
1488 2260 1601 2299 lictor

269 2376 287 2407 3
315 2374 381 2407 tuis
407 2384 451 2406 (πυ
467 2378 543 2406 tuus
561 2373 614 2417 ΡΙΙ
634 2377 651 2406 'a'
680 2374 736 2416 qui
762 2377 872 2406 aetate
899 2384 943 2405 ec
968 2373 1045 2415 quia
1071 2377 1161 2406 etate
1177 2372 1228 2416 ΡΗ
1253 2375 1289 2405 10
1308 2371 1408 2403 colite
1436 2375 1467 2403 et
1487 2371 1600 2404 obscr-

179 2423 255 2453 uate
283 2419 316 2460 C,
341 2420 447 2451 Prisc.
465 2419 528 2451 vol.
544 2419 623 2461 Hp.
639 2420 715 2460 455,
741 2422 775 2451 et
800 2428 864 2450 om.
881 2417 968 2450 [ΨΟ
985 2418 996 2460 Η
1020 2420 1051 2450 ll
1074 2422 1107 2450 et
1132 2416 1306 2450 intuemini
1321 2418 1427 2448 Prisc.
1445 2416 1464 2448 l.
1480 2426 1507 2449 c.
1524 2415 1536 2459 ΙΙ
1558 2418 1598 2450 16

177 2465 265 2498 iusta
287 2474 322 2506 p,
347 2464 434 2497 iuste
448 2465 478 2496 P
492 2463 503 2507 11
525 2465 562 2497 18
589 2464 684 2497 forox
698 2465 728 2497 P
742 2463 754 2507 ΙΙ
774 2465 812 2497 19
838 2462 954 2506 impari
979 2464 1006 2495 Ι)
1027 2466 1110 2495 teste
1125 2463 1260 2496 ll‘Trzio
1277 2461 1289 2504 11
1309 2463 1350 2494 24
1366 2461 1445 2493 iacit
1462 2461 1526 2502 PC,
1551 2461 1598 2494 ait

179 2510 205 2542 C
221 2509 232 2551 11
251 2511 291 2542 ’26
317 2508 380 2541 sibi
399 2520 444 2541 ew
463 2508 559 2541 simul
573 2508 626 2552 ΡΗ
647 2511 687 2542 27
712 2508 806 2541 illum
833 2508 883 2540 his
902 2508 1008 2540 tribus
1027 2510 1136 2550 pauci
1150 2506 1201 2551 Cn
1220 2506 1438 2549 adoptatione
1453 2505 1516 2547 PC,
1541 2505 1597 2538 ad-

177 2555 314 2597 optione
342 2554 377 2595 C,
402 2554 466 2586 del.
494 2554 663 2597 Diem-lin
683 2556 724 2588 37
751 2553 958 2596 proprinqua
984 2552 1168 2586 telissauris
1191 2551 1244 2595 1³11
1265 2554 1305 2586 38
1337 2550 1503 2594 thyrmida
1527 2551 1557 2583 P

1640 683 1694 767 10³⁴

1641 976 1676 1008 15
1688 1027 1692 1045 ÷

1636 1212 1691 1326 20²3

1636 1538 1675 1570 25

1634 1819 1676 1851 30
