1709 2885
51 718 89 749 10

53 998 90 1030 15

55 1279 94 1312 20

57 1840 96 1872 30

411 102 568 136 ORATIO
593 102 736 136 MACRI.
784 101 917 136 EPIST.
942 101 1178 134 MITHRIDAT
1182 101 1218 134 IS
1449 98 1520 137 121

113 206 215 245 rium
235 212 273 244 et
292 205 646 257 reliquiasexulum
668 210 954 256 persequantur
975 216 1062 243 cum
1084 204 1317 253 imaginibus
1337 203 1438 242 suis:
1462 203 1526 242 ab·

115 262 164 300 sit
184 261 401 313 periculum
423 268 461 301 et
490 261 596 301 labos
618 261 759 312 quibus
788 260 893 300 nulla
922 273 1011 311 pars
1032 262 1180 299 fructus
1204 266 1271 299 est.
1324 259 1398 298 nisi
1429 259 1527 298 sorte
1556 266 1590 298 19

114 317 317 369 repentina
338 318 408 357 ista
431 317 679 357 frumentaria
700 318 784 367 lege
804 317 938 355 munia
959 322 1084 355 vostra
1106 323 1333 367 pensantur.
1376 327 1449 366 qua
1471 321 1530 353 ta-

116 386 204 412 men
228 374 358 424 quinis
383 374 520 413 modiis
542 374 754 412 libertatem
779 373 953 412 omnium
974 378 1247 419 aestumavere,
1269 372 1337 423 qui
1354 372 1529 422 profecto

117 442 195 470 non
219 430 384 481 amplius
406 437 570 481 possunt
590 429 782 468 alimentis
804 430 982 468 carceris.
1034 441 1202 480 namque
1223 434 1267 467 ut
1287 428 1362 466 illis
1385 427 1531 478 exigui-

117 492 192 524 tate
213 498 317 524 mors
334 487 576 536 prohibetur,
599 492 809 524 senescunt
829 486 942 533 vires,
964 485 1019 524 sic
1037 497 1165 535 neque
1187 484 1348 524 absolvit
1364 496 1455 522 cura
1476 484 1531 522 fa-

117 541 255 580 miliari
283 548 360 581 tam
389 555 502 594 parva
533 555 595 581 res
625 547 661 581 et
681 542 807 591 ignavi
830 542 1018 593 cuiusque
1047 541 1309 580 tenuissumas
1331 553 1420 591 spes
1449 540 1530 578 fru-

117 603 273 636 stratur.
333 612 407 649 qua
445 605 572 638 tamen
604 598 774 649 quamvis
814 598 937 648 ampla
977 598 1159 649 quoniam
1200 597 1330 635 serviti
1362 596 1529 648 pretium
1553 603 1592 634 20

118 660 392 703 ostentaretur,
416 655 526 693 cuins
547 654 762 706 torpedinis
783 661 862 692 erat
884 654 1009 706 decipi
1031 661 1068 693 et
1084 659 1297 692 vostrarum
1319 665 1450 691 rerum
1472 652 1530 691 ul-

117 716 176 749 tro
199 711 362 750 iniuriae
385 711 544 761 gratiam
566 709 736 749 debere?
765 711 956 749 cavendus
988 711 1099 749 dolus
1130 716 1198 748 est.
1260 721 1426 759 namque
1457 709 1530 747 alio
1554 715 1591 745 21

117 766 232 805 modo
255 780 381 818 neque
398 767 523 805 valent
544 767 582 805 in
606 767 809 806 univorsos
831 779 958 817 neque
976 766 1233 805 conabuntur.
1270 766 1399 816 itaque
1418 764 1532 803 simul

119 830 334 873 conparant
355 823 610 862 delenimenta
633 828 669 861 et
691 823 875 861 differunt
894 835 960 860 vos
983 823 1020 861 in
1044 823 1247 861 adventum
1271 820 1339 860 Cn.
1357 821 1530 871 Pompei,

120 890 236 929 quem
266 879 394 930 ipsum
421 879 488 918 ubi
518 880 777 930 pertimuere,
808 879 1001 917 sublatum
1039 880 1078 917 in
1111 878 1278 917 cervices
1309 890 1411 924 suas,
1442 889 1532 915 mox

120 935 274 985 dempto
295 942 401 975 metu
422 936 603 974 lacerant.
654 948 780 985 neque
803 947 870 973 eos
899 935 1030 986 pudet,
1062 935 1232 973 vindices
1253 934 1308 973 uti
1331 947 1370 973 se
1401 935 1532 972 ferunt
1555 939 1593 971 22

120 990 321 1039 libertatis,
353 998 409 1030 tot
429 993 531 1030 viros
560 992 643 1030 sine
665 1004 743 1030 nno
765 998 829 1030 aut
852 991 1046 1030 remittere
1077 991 1258 1029 iniuriam
1280 1003 1359 1029 non
1390 990 1532 1029 audere

119 1047 265 1086 antius
286 1061 365 1086 non
388 1061 503 1099 posse
525 1048 744 1088 defendere.
792 1047 886 1086 mihi
915 1048 1071 1098 quidem
1100 1047 1191 1085 satis
1221 1052 1432 1097 spectatum
1463 1051 1531 1093 est,
1556 1052 1594 1084 23

120 1101 362 1154 Pompeium,
391 1111 516 1143 tantae
539 1104 682 1154 gloriae
703 1104 1002 1150 adulescentem,
1029 1103 1141 1142 malle
1163 1103 1379 1154 principem
1400 1102 1533 1141 volen-

122 1159 224 1198 tibus
254 1160 361 1199 vohis
392 1173 476 1199 esse
509 1173 623 1212 quam
654 1161 728 1199 illis
760 1160 1034 1199 dominationis
1074 1160 1221 1199 socium
1258 1165 1533 1210 auctoremque

122 1215 162 1255 in
185 1216 319 1267 primis
339 1217 422 1255 fore
443 1217 672 1256 tribuniciae
692 1217 906 1267 potestatis.

237 1272 391 1318 Verum,
414 1273 596 1320 Quirites,
618 1279 728 1312 antea
745 1274 887 1323 singuli
905 1273 1005 1312 cives
1025 1273 1065 1311 in
1083 1272 1273 1323 pluribus,
1297 1284 1375 1310 non
1398 1271 1436 1309 in
1455 1283 1533 1310 uno
1558 1277 1597 1308 24

124 1330 253 1367 cuncti
275 1330 465 1380 praesidia
485 1329 682 1368 habebatis
696 1360 704 1375 ,
735 1342 861 1380 neque
881 1329 1101 1367 mortalium
1123 1329 1329 1379 quisquam
1360 1328 1450 1366 dare
1471 1334 1536 1366 aut

123 1385 275 1436 eripere
296 1385 384 1424 talia
400 1399 503 1424 unus
524 1393 687 1437 poterat,
710 1386 837 1437 itaque
859 1385 1064 1424 verborum
1087 1385 1176 1423 satis
1195 1384 1341 1423 dictum
1359 1390 1428 1422 est.
1467 1395 1536 1422 ne·
1559 1389 1598 1422 25

124 1453 200 1491 que
216 1443 319 1480 enim
336 1442 554 1492 ignorantia
570 1455 632 1481 res
649 1442 804 1489 claudit,
830 1454 961 1480 verum
978 1441 1181 1492 occupavit
1203 1441 1332 1479 nescio
1356 1452 1454 1491 quae
1474 1451 1538 1478 vos
1560 1445 1599 1477 26

124 1499 300 1549 torpedo,
323 1511 398 1549 qua
417 1510 495 1538 non
513 1498 633 1549 gloria
650 1498 855 1536 movemini
873 1510 1001 1548 neque
1016 1497 1174 1547 flagitio,
1192 1503 1410 1547 cunctaque
1428 1508 1539 1547 prae-

125 1555 225 1593 senti
246 1555 394 1605 ignavia
414 1554 639 1593 mutavistis.
680 1554 833 1593 abunde
854 1554 1066 1592 libertatem
1090 1553 1182 1600 rati,
1214 1553 1303 1603 quia
1324 1553 1444 1603 tergis
1473 1551 1539 1590 ab·

124 1611 291 1650 stinetur
308 1616 345 1649 et
365 1611 443 1650 huc
463 1611 519 1649 ire
540 1610 629 1649 licet
649 1617 764 1662 atque
786 1610 890 1656 illuc,
921 1622 1082 1648 munera
1112 1610 1248 1648 ditium
1280 1609 1538 1647 dominorum.

123 1673 240 1718 atque
260 1668 355 1706 haec
376 1667 506 1706 eadem
530 1680 609 1705 non
631 1673 723 1705 sunt
743 1667 970 1717 agrestibus,
1003 1666 1068 1705 sed
1091 1666 1306 1704 caeduntur
1347 1665 1448 1703 inter
1468 1676 1540 1715 po-
1563 1671 1599 1702 27

125 1723 289 1762 tentium
311 1723 530 1762 inimicitias
560 1724 741 1773 donoque
763 1723 903 1760 dantur
923 1723 962 1760 in
993 1722 1213 1773 provincias
1242 1721 1540 1771 magistratibus.

125 1779 175 1818 ita
197 1785 394 1831 pugnatur
415 1785 452 1818 et
472 1779 638 1817 vincitur
659 1778 813 1829 paucis:
836 1778 982 1828 plebes,
1005 1778 1279 1828 quodcumque
1296 1777 1446 1823 accidit,
1469 1788 1539 1827 pro

125 1836 234 1874 victis
257 1840 315 1874 est
336 1842 373 1874 et
392 1836 431 1873 in
455 1835 537 1873 dies
558 1835 678 1885 magis
700 1835 784 1880 erit,
807 1834 838 1872 si
860 1834 1015 1885 quidem
1036 1834 1181 1872 maiore
1204 1846 1295 1872 cura
1312 1833 1542 1871 dominatio-

127 1904 216 1930 nem
238 1891 292 1930 illi
314 1891 561 1937 retinuerint,
584 1903 698 1941 quam
719 1903 785 1929 vos
807 1890 1063 1941 repetiveritis
1084 1890 1312 1929 libertatem.

483 2011 766 2056 EPISTULA
795 2012 1185 2055 MITHRIDATIS.

241 2103 319 2142 Rex
340 2103 578 2142 Mithridates
608 2103 689 2154 regi
712 2103 843 2142 Arsaci
874 2103 1050 2142 salutem.
1100 2114 1235 2141 omnes
1265 2102 1330 2152 qui
1361 2100 1542 2140 secundis
1565 2105 1586 2139 1

126 2160 243 2197 retnis
260 2159 341 2198 suis
362 2160 407 2197 ad
422 2160 512 2199 belli
527 2160 749 2199 societatem
766 2165 940 2207 orantur,
962 2159 1208 2198 considerare
1223 2159 1364 2197 debent
1379 2157 1542 2196 liceatne

217 2263 237 2292 4
262 2259 372 2301 quinis
397 2258 517 2291 modiis
541 2258 729 2299 Asulanus,
755 2258 835 2301 quin
860 2258 888 2291 is
913 2258 1020 2291 modis
1046 2258 1083 2290 Ι
1093 2258 1141 2301 [15
1168 2258 1237 2290 illic
1261 2258 1376 2290 Mada
1400 2257 1487 2289 Ado.
1508 2256 1542 2297 2,

126 2302 220 2346 29411
239 2306 258 2337 6
285 2304 415 2337 absolui
434 2304 476 2339 Γ
501 2314 581 2336 cor-7·
584 2307 694 2336 ectum
711 2306 748 2335 in
766 2307 844 2336 vett
864 2304 970 2344 editt„
997 2303 1082 2335 sicut
1107 2313 1216 2346 neque
1241 2302 1420 2335 absolui—
1434 2301 1539 2370 possit

125 2348 238 2380 Aldus
257 2348 268 2391 ss
285 2351 302 2380 7
322 2349 436 2391 ignaui
454 2349 614 2399 cuiusque
632 2349 844 2382 tenuissimas
862 2358 939 2391 spes
957 2330 1133 2381 frustratui
1152 2348 1301 2381 Gronot.
1319 2348 1422 2380 Obser·
1427 2358 1454 2378 t.
1463 2345 1530 2387 3,9
1508 2369 1540 2387 ⁶,

126 2393 237 2435 ignam
263 2394 429 2437 quiusque
455 2392 666 2427 tenuissimas
690 2393 927 2436 perfrustratur
945 2394 985 2434 l,
1010 2393 1152 2435 ignauus
1177 2393 1319 2446 (Ῑιιηίεψιε
1345 2392 1541 2425 tenuissima

127 2447 185 2488 spe
210 2438 388 2471 fiUuSuatur
412 2441 612 2471 coniecerat
635 2439 681 2472 CI.
705 2440 883 2470 Puteanus
908 2442 941 2469 et
964 2441 1044 2469 ante
1068 2448 1160 2472 eum.
1186 2440 1256 2469 nist
1279 2438 1373 2478 quod
1395 2436 1542 2479 ignauis-

127 2483 200 2515 simi
227 2483 361 2526 quique
387 2484 498 2516 4Ιᾶιιε
517 2483 528 2524 Η
546 2485 564 2516 8
590 2493 655 2525 qua
670 2484 853 2516 Faernus
879 2493 964 2525 quae
987 2482 1023 2514 l
1034 2483 1045 2524 ΙΙ
1068 2484 1106 2515 10
1131 2474 1269 2516 iniuriae
1289 2482 1396 2518 Kritz
1421 2480 1541 2514 iniuria

128 2528 179 2560 V
175 2530 186 2570 η
205 2528 374 2561 cauendus
398 2529 495 2561 dolus
521 2532 571 2560 est
602 2528 638 2559 in
664 2528 700 2560 V
719 2529 849 2570 legitur
870 2531 951 2570 post
973 2527 1200 2567 conabuntur,
1234 2529 1373 2559 tJWaJeezt
1394 2527 1508 2560 Fabri
1530 2526 1542 2569 ss

128 2573 169 2606 23
195 2573 293 2616 quae]
319 2583 384 2616 qua
410 2574 447 2606 l
457 2573 468 2617 Η
489 2576 529 2607 32
557 2571 765 2605 EPISTVLA
789 2571 1064 2605 ulsHRleTlS
1090 2571 1127 2604 V
