1709 2885
450 99 694 134 PRAEFATIO
718 99 890 133 EDITION
895 99 930 133 IS
955 99 1188 134 SECUNDAE.
1475 109 1534 132 xm

110 202 204 241 teris
242 202 440 253 antiquior
482 214 565 242 esse
603 201 875 253 perhibeatur,
927 207 1055 240 tamen
1097 202 1180 240 eius
1220 201 1534 252 interpolationis

111 263 222 297 notas
258 259 374 298 traxit
410 270 541 310 quam,
564 258 770 308 hucusque
820 270 841 296 e
880 257 972 296 solis
1017 257 1303 297 recentioribus
1341 256 1532 307 (Gissensi

110 314 288 366 aliisque)
322 326 639 365 cognoveramus.
699 313 822 353 nihilo
852 313 983 352 minus
1014 314 1081 353 ubi
1112 314 1159 353 de
1189 313 1344 352 illorum
1366 313 1440 352 fide
1463 314 1534 352 du-

110 370 224 409 bitari
246 376 375 422 potest
395 371 560 410 maximo
583 375 641 409 est
661 370 751 409 usui
773 370 912 409 tertius
933 369 1040 419 (112),
1072 370 1138 420 qui
1160 370 1389 420 ceteroquin
1412 370 1534 409 inter—

110 426 321 478 polationis
342 426 549 478 peculiaris
571 434 609 465 et
628 426 742 477 paulo
767 426 984 465 audacioris
1006 426 1226 477 exemplum
1258 425 1429 477 praebet.
1462 427 1535 464 ho-

109 495 198 522 rum
218 482 338 533 igitur
359 488 542 534 quattuor
561 482 751 521 librorum
784 482 934 533 integra
956 495 1071 533 quam
1094 482 1249 521 exhibui
1272 481 1534 533 discrepantia

109 544 188 578 tam
223 539 338 590 plena
373 540 597 578 continetur
628 544 755 577 textus
785 538 945 577 historia
972 545 1015 577 ut
1042 538 1336 577 Monacensium
1372 538 1535 577 selectas

110 595 323 645 scripturas
349 608 394 634 ex
423 600 608 646 apparatu
630 594 848 633 Baiteriano
880 594 1067 646 repetisse
1098 596 1189 634 satis
1220 594 1436 633 habuerim.
1488 594 1533 632 de

110 651 415 701 Tegernseensis
443 651 611 690 lectione
643 651 699 701 (in
722 650 799 689 Cic.
823 652 859 698 2,
883 652 906 690 2
940 651 1116 700 delibuta)
1149 650 1392 690 dubitantem
1416 649 1535 688 Hal·

110 707 236 746 mius
267 720 328 746 me
359 707 526 746 edocuit.
586 712 757 746 ceterum
798 707 1135 746 emendationibus
1171 714 1247 746 tam
1287 707 1383 748 meis
1418 718 1534 756 quam

110 763 372 802 Francisci
403 763 696 810 Schmidffii,
728 762 915 802 auditoris
947 776 1073 815 nuper
1102 764 1191 811 mei,
1229 762 1376 814 aliquot
1407 762 1533 801 saltim

110 820 252 858 horum
273 819 460 858 librorum
492 820 599 858 locos
630 825 857 870 persanatos
888 832 972 858 esse
1003 821 1169 859 confido.
1230 819 1295 858 sed
1330 819 1535 869 utriusque

112 875 297 916 orationis
328 876 521 926 originem
561 877 688 914 fontes
723 875 893 914 indolem
924 876 1142 915 universam
1186 882 1228 915 ut
1257 876 1366 926 potui
1399 874 1535 925 aperui

111 932 151 970 in
191 932 507 971 commentariolo
549 932 616 982 qui
654 931 884 983 propediem
923 932 1238 983 ephemeridibus
1268 931 1536 971 Berolinensi-

110 988 185 1027 hus
216 988 364 1027 edetur.

252 1066 400 1117 Scripsi
422 1066 660 1117 Regimontii
682 1079 733 1105 m.
756 1066 968 1106 Februario
991 1079 1023 1105 a.
1052 1067 1168 1106 1876.
