1709 2885
181 97 235 136 54
690 101 724 134 C.
743 99 946 134 SALLUS'I'I
972 100 1107 134 GRlSPI

183 214 254 254 per
274 202 462 242 amicitiae
483 202 595 243 tidem
609 234 618 251 ,
648 203 680 242 si
711 203 785 243 ulla
816 203 917 255 apud
946 216 1012 243 vos
1033 203 1219 244 memoria
1245 210 1421 244 remanet
1439 205 1496 244 avi
1518 205 1593 244 mei

183 258 432 298 Masinissae.‘

108 316 158 353 25
296 314 365 354 His
385 315 522 355 litteris
543 315 710 354 recitatis
729 316 851 359 suere,
875 315 939 366 qui
958 316 1169 355 exercitum
1187 316 1225 354 in
1244 317 1408 357 Africam
1431 319 1593 358 mittun-

184 371 274 410 dum
312 378 518 411 censerent
546 379 583 411 et
612 383 726 423 quam
755 371 924 423 primum
953 372 1158 412 Adherbali
1187 372 1523 422 subveniundum,
1547 375 1592 414 de

183 427 368 478 Iugurtha
389 428 543 467 interim
561 428 615 467 uti
634 428 917 475 consuleretur,
934 430 1116 479 quoniam
1133 428 1268 479 legatis
1290 441 1367 468 non
1388 430 1592 481 paruisset.

141 488 160 521 2
183 483 251 523 sed
271 483 317 522 ab
339 484 483 523 eisdem
500 484 573 523 illis
596 484 697 534 regis
719 484 935 524 fautoribus
948 496 1097 524 summa
1112 497 1185 536 ope
1207 485 1357 524 enisum
1380 494 1436 525 est
1454 499 1501 526 ne
1520 486 1593 526 tale

141 544 160 577 3
183 541 382 579 decretum
411 540 533 580 fieret.
576 541 625 579 ita
655 540 800 579 bonum
831 540 1052 592 publicum,
1084 541 1185 580 utin
1209 541 1405 594 plerisque
1426 543 1594 593 negotiis

141 601 161 633 4
184 596 303 642 solet,
327 596 472 647 privata
494 597 614 647 gratia
636 596 838 636 devictum.
879 597 1055 648 legantur
1075 604 1200 636 tamen
1223 597 1262 636 in
1285 599 1451 638 Africam
1473 599 1593 638 maio-

181 665 243 692 res
264 658 356 692 natu
379 652 542 700 nobiles,
565 652 703 703 amplis
724 653 939 692 honoribus
961 654 1032 692 usi.
1075 654 1112 692 in
1136 653 1222 704 quis
1244 654 1315 692 suit
1335 654 1385 693 M.
1408 655 1591 703 Scaurus,

181 709 227 748 de
249 721 327 759 quo
348 721 465 760 supra
497 710 805 758 memoravimus,
828 709 1042 749 consularis
1060 716 1096 748 et
1118 717 1198 748 tum
1220 716 1377 749 senatus
1392 711 1590 762 princeps.

139 769 158 801 5
180 765 226 812 ei,
251 765 354 816 quod
371 777 432 804 res
454 765 492 804 in
515 765 655 804 invidia
672 772 764 813 erat,
786 765 900 805 simul
923 772 958 805 et
978 766 1024 804 ab
1040 765 1216 805 Numidis
1231 766 1434 814 obsecrati,
1465 767 1592 806 triduo

180 821 304 861 navim
320 821 540 860 ascendere.
578 821 665 861 dein
682 821 785 861 brevi
803 821 949 861 Uticam
970 823 1119 873 adpulsi
1143 822 1289 861 litteras
1305 823 1350 861 ad
1367 823 1593 874 Iugurtham

180 878 352 923 mittunt,
385 889 497 928 quam
521 877 715 917 ocissume
745 878 790 918 ad
820 878 1057 930 provinciam
1088 879 1245 917 adcedat
1275 891 1394 929 seque
1425 879 1469 918 ad
1502 890 1592 919 eum

137 937 157 970 6
178 933 225 973 31)
241 940 377 973 senatu
395 934 546 973 missos.
583 933 647 973 ille
663 934 730 974 ubi
750 935 899 986 accepit
914 935 1093 973 homines
1115 935 1251 982 claros,
1275 947 1440 986 quorum
1458 942 1594 975 aucto-

178 990 329 1030 ritatem
351 990 494 1029 Romae
515 990 662 1042 pollere
682 991 892 1037 audiverat,
914 998 1047 1030 contra
1071 991 1268 1042 inceptum
1290 1004 1404 1030 suum
1426 992 1590 1039 venisse,

137 1050 155 1081 7
179 1047 304 1098 primo
327 1052 532 1086 conmotus
553 1054 656 1086 metu
679 1054 793 1098 atque
824 1047 996 1086 lubidine
1018 1047 1194 1085 divorsus
1214 1048 1441 1096 agitabatur.
1483 1048 1594 1087 time·

178 1103 241 1143 ba't
257 1103 351 1142 iram
369 1109 538 1149 senatus,
558 1104 595 1142 ni
613 1104 805 1155 paruisset
824 1103 976 1154 legatis:
1000 1115 1118 1154 porro
1136 1104 1288 1142 animus
1306 1104 1491 1154 cupidine
1508 1116 1594 1143 cae-

136 1163 156 1195 8
178 1171 248 1198 cus
268 1159 314 1198 ad
336 1159 534 1211 inceptum
556 1160 684 1199 scelus
705 1160 938 1211 rapiebatur.
980 1159 1070 1197 vicit
1092 1166 1218 1198 tamen
1242 1160 1279 1198 in
1302 1160 1411 1198 avido
1435 1160 1592 1211 ingenio

136 1219 156 1252 9
178 1227 335 1267 pravom
359 1215 577 1255 consilium.
628 1216 746 1267 igitur
767 1216 937 1255 exercitu
959 1215 1196 1254 circumdato
1226 1227 1373 1254 summa
1395 1216 1429 1254 vi
1452 1215 1594 1255 Cirtam

177 1272 403 1323 inrumpere
426 1272 574 1319 nititur,
606 1284 784 1311 maxume
804 1284 980 1323 sperans,
1010 1271 1163 1310 diducta
1192 1284 1308 1311 manu
1331 1272 1501 1311 hostium
1528 1278 1593 1312 aut

118 1332 154 1364 10
177 1328 210 1366 vi
228 1334 293 1367 aut
308 1327 406 1366 dolis
423 1340 508 1366 sese
525 1340 655 1367 casum
673 1328 855 1367 victoriae
875 1328 1136 1367 inventurum.
1170 1327 1274 1379 quod
1290 1328 1356 1367 ubi
1373 1340 1486 1367 secus
1501 1341 1592 1380 pro-

177 1384 278 1423 cedit
295 1396 423 1435 neque
441 1384 544 1436 quod
562 1384 780 1424 intenderat
801 1385 953 1424 efficere
970 1390 1110 1436 potest,
1134 1389 1176 1423 ut
1192 1384 1302 1436 prius
1317 1397 1430 1436 quam
1447 1385 1593 1436 legatos

177 1440 401 1480 conveniret
432 1441 659 1480 Adherbalis
680 1441 895 1492 potiretur,
928 1454 976 1479 ne
998 1441 1163 1492 amplius
1192 1441 1380 1480 morando
1404 1441 1593 1481 Scaurum

176 1508 291 1548 quem
303 1496 529 1548 plurumum
541 1497 736 1536 metuebat
746 1497 984 1545 incenderet,
996 1510 1083 1536 cum
1100 1497 1235 1548 paucis
1245 1497 1441 1548 equitibus
1451 1497 1489 1536 iu
1501 1509 1593 1549 pro-

115 1557 148 1589 11
174 1553 337 1592 vinciam
354 1553 470 1591 venit.
502 1565 545 1592 ac
562 1553 712 1592 tametsi
730 1553 851 1592 senati
868 1553 993 1592 verbis
1009 1565 1141 1603 graves
1156 1554 1281 1592 minae
1297 1554 1590 1602 nuntiabantur,

174 1609 278 1660 quod
299 1608 345 1647 ab
367 1609 661 1660 oppugnatione
683 1622 760 1648 non
779 1609 992 1657 desisteret,
1014 1610 1132 1648 multa
1155 1616 1280 1649 tamen
1305 1610 1480 1650 oratione
1497 1622 1592 1649 con-

100 1665 149 1702 26
173 1671 326 1716 sumpta
339 1664 456 1716 'legati
475 1666 617 1704 frustra
639 1665 864 1705 discessere.
906 1678 949 1704 ea
972 1672 1176 1717 postquam
1195 1664 1320 1705 Cirtae
1340 1661 1466 1706 audita
1484 1673 1590 1714 sunt,

172 1721 305 1767 Italici,
338 1733 505 1772 quorum
534 1721 674 1760 virtute
705 1722 856 1760 moenia
886 1721 1198 1770 defensabantur,
1229 1722 1363 1761 contisi
1395 1722 1591 1762 deditione

170 1778 266 1816 sacta
295 1784 456 1829 propter
476 1778 783 1828 magnitudinem
814 1778 948 1829 populi
971 1777 1133 1817 Romani
1155 1778 1357 1817 inviolatos
1379 1791 1464 1818 sese
1493 1778 1589 1827 fore,

171 1833 378 1873 Adherbali
396 1834 559 1873 suadent
580 1834 635 1873 uti
658 1845 778 1884 seque
799 1839 836 1872 et
852 1833 1038 1885 oppidum
1057 1835 1265 1885 Iugurthae
1281 1834 1416 1881 tradat,
1440 1841 1589 1874 tantum

145 1889 215 1929 2ab
238 1902 283 1930 eo
306 1891 419 1929 vitam
441 1890 671 1942 paciscatur,
694 1890 741 1929 de
763 1890 902 1929 ceteris
924 1891 1073 1929 senatui
1092 1903 1207 1930 curae
1224 1891 1318 1929 sore.
1341 1896 1378 1929 at
1393 1890 1469 1937 ille,
1495 1899 1589 1930 tarn-

170 1947 239 1986 etsi
267 1946 395 1985 omnia
412 1946 561 1997 potiora
579 1946 652 1985 fide
668 1946 878 1997 Iugurthae
901 1946 1079 1992 rebatur,
1107 1952 1232 1986 tamen
1259 1947 1348 1998 quia
1364 1959 1485 1998 penes
1503 1959 1589 1986 eos-

169 2003 268 2049 dem,
287 2003 317 2041 si
337 2003 620 2049 adversaretur,
643 2003 811 2054 cogundi
829 2008 998 2054 potestas
1016 2009 1108 2050 erat,
1126 2003 1175 2042 ita
1195 2003 1248 2042 uti
1267 2010 1500 2043 censuerant
1516 2003 1589 2042 lta·

137 2059 168 2098 31
183 2059 231 2098 ici
250 2059 484 2098 deditionem
503 2059 604 2097 facit.
643 2059 826 2109 Iugurtha
845 2059 883 2097 in
902 2060 1037 2111 primis
1055 2059 1309 2098 Adherbalem
1326 2059 1588 2099 excruciatum

162 2125 292 2162 necat,
315 2115 454 2154 deinde
470 2115 598 2154 omnis
614 2115 781 2166 puberes
798 2115 983 2155 Numidas
1004 2122 1119 2166 atque
1139 2115 1399 2166 negotiatores
1420 2115 1588 2167 promis-

173 2183 256 2211 cue.
279 2171 334 2210 uti
358 2171 523 2222 quisque
545 2177 715 2210 armatus
737 2171 871 2210 obvius
893 2172 1030 2219 suerat,
1052 2172 1245 2211 interficit.
1330 2167 1334 2170 ’

105 2228 152 2264 27
285 2226 397 2273 Quod
429 2234 633 2279 postquam
655 2227 798 2267 Romae
829 2229 1028 2279 cognitum
1052 2235 1109 2267 est
1131 2234 1166 2267 et
1188 2240 1249 2267 res
1279 2227 1317 2266 in
1340 2233 1475 2266 senatu
1505 2227 1587 2278 agi-

188 2360 198 2369 ,
262 2329 280 2360 3
307 2326 410 2359 africa
435 2325 490 2368 ΡΙΙ
507 2328 525 2359 4
553 2336 652 2369 quam
678 2337 722 2359 eat
746 2336 845 2369 quem
870 2327 922 2369 ΡΙΙ
943 2329 961 2360 6
987 2328 1115 2361 enisum
1150 2331 1201 2360 est
1228 2326 1269 2367 C,
1302 2326 1431 2359 enisum
1458 2340 1479 2358 .—
1503 2327 1587 2366 (non

175 2376 215 2410 ,Χ
237 2372 302 2412 )Ρ,
326 2371 455 2404 enisum
479 2371 568 2414 0119
594 2371 643 2404 usi
661 2372 725 2412 PC,
750 2381 815 2403 om.
843 2371 893 2414 CH
918 2374 954 2404 10
981 2378 1117 2405 senatus
1142 2372 1295 2415 princeps
1320 2370 1383 2411 PC,
1408 2370 1440 2402 in
1467 2376 1585 2404 senatu

171 2416 326 2459 princeps
353 2417 379 2449 C
395 2415 407 2459 ΙΙ
428 2417 465 2449 12
492 2417 603 2449 nanim
625 2416 686 2459 pC,
711 2426 830 2449 nauem
855 2416 935 2459 1³01}
960 2419 995 2449 17
1028 2417 1148 2459 legatis
1173 2427 1217 2449 ea:
1240 2415 1372 2458 legatus
1396 2415 1448 2457 ΡΗ
1473 2416 1509 2449 18
1535 2426 1588 2449 ra-

170 2461 300 2504 piebat·
323 2460 327 2503 Ι
351 2463 533 2503 (punctum
551 2462 629 2494 add.
646 2464 686 2504 p)
704 2461 740 2503 Ρ,
765 2461 913 2504 rapiebat
940 2466 1002 2494 ant
1027 2462 1216 2505 rapiebatur
1241 2460 1268 2493 C
1281 2461 1292 2502 Ιῇ
1316 2462 1353 2494 19
1379 2459 1584 2494 circumdato

151 2517 177 2538 s.
198 2518 224 2538 s.
251 2509 352 2547 (et-as.
373 2510 592 2548 congregato)
611 2507 641 2539 P
655 2506 666 2548 Η
684 2508 725 2539 20
751 2505 886 2539 diducta
907 2506 939 2546 C,
966 2506 1066 2540 ducta
1084 2507 1140 2539 PC
1155 2505 1166 2549 ΙΙ
1184 2507 1221 2539 ’21
1243 2505 1457 2539 inuenturum
1475 2516 1520 2538 ea:
1535 2505 1586 2539 in-

151 2556 336 2584 uecturum
353 2552 384 2584 P
399 2550 468 2629 {1625
489 2561 608 2593 graues
626 2551 711 2595 mine
729 2562 774 2583 ex
791 2551 986 2596 grauissime
1000 2553 1031 2585 P
1044 2551 1056 2596 ΙΙ
1074 2554 1114 2586 35
1130 2550 1294 2594 promisce
1309 2549 1360 2593 ΡΗ
1381 2552 1422 2584 36
1437 2553 1584 2584 armatus

153 2596 225 2638 PC,
255 2596 390 2629 armatis

1624 702 1670 749 iov

1624 998 1660 1030 15

1623 1277 1674 1325 20,

1621 1557 1667 1599 25,

1620 1819 1674 1872 30⁵

1618 2119 1663 2153 35⁷
