1709 2885
192 72 243 111 74
693 75 727 108 C.
746 74 950 108 SALLUSTI
974 75 1108 109 CRISPl

191 178 365 229 draginta
400 188 590 216 memores
625 177 794 216 nominis
823 176 985 216 Romani
1021 189 1137 229 grege
1171 179 1271 218 sacto
1300 179 1427 220 locum
1463 192 1601 232 cepere

192 234 307 286 paulo
329 245 444 284 quam
465 233 527 272 alii
548 233 747 273 editiorem
769 246 896 284 neque
918 234 1007 273 inde
1031 247 1206 274 maxuma
1235 235 1268 274 vi
1301 236 1439 288 depelli
1469 237 1602 288 quive-

193 296 305 337 runt,
328 290 395 329 sed
415 289 489 329 tela
510 289 661 329 eminus
682 290 798 329 missa
820 290 1034 338 remittere,
1057 291 1168 342 pauci
1192 292 1230 330 in
1262 291 1441 343 pluribus
1472 294 1602 333 minus

195 346 392 394 frustrari;
431 346 489 385 sin
512 346 697 385 Numidae
722 347 884 397 propius
905 346 1181 394 adcessissent,
1217 347 1268 386 ibi
1299 360 1388 387 vero
1423 349 1602 388 virtutem

151 411 169 442 4
195 403 398 442 ostendere
421 408 457 441 et
479 414 544 441 eos
565 414 740 442 maxuma
763 402 796 441 vi
819 402 976 442 caedere
998 404 1159 443 sundere
1181 410 1295 454 atque
1316 405 1460 456 fugare.
1503 407 1602 445 inte-

194 459 264 498 rim
287 458 463 499 Metellus
492 471 579 497 cum
601 471 800 498 acerrume
830 471 910 498 rem
940 466 1114 510 gereret,
1143 459 1348 500 clamorem
1377 461 1554 501 hostilem
1583 475 1604 502 a

195 522 302 566 tergo
324 515 492 566 accepit,
515 515 603 554 dein
625 527 814 554 convorso
838 527 936 566 equo
958 516 1223 556 animadvortit
1246 517 1373 568 fugam
1395 518 1441 557 ad
1460 530 1499 557 se
1517 531 1603 557 vor-

151 580 171 611 5
194 584 278 611 sum
309 572 411 610 fieri:
443 583 540 622 quae
569 584 630 610 res
660 571 851 611 indicabat
879 572 1077 624 popularis
1106 585 1202 611 esse.
1246 573 1362 624 igitur
1391 575 1603 625 equitatum

194 640 348 667 omnem
370 627 414 666 ad
437 634 560 667 castra
580 640 749 678 propere
770 628 872 667 misit
894 640 936 667 ae
958 629 1083 668 statim
1107 628 1145 667 C.
1168 628 1329 668 Marium
1359 642 1445 669 cum
1465 631 1604 670 cohor-

195 684 297 724 tibus
326 684 544 731 sociorum,
575 697 741 735 eumque
770 684 986 724 lacrumans
1016 698 1086 737 pei·
1115 685 1319 724 amicitiani
1346 698 1492 737 perque
1522 699 1603 726 rem

195 739 386 792 publicam
417 739 613 787 obsecrat,
644 753 809 792 nequam
839 742 1110 781 contumeliam
1142 754 1342 782 remanere
1372 742 1410 781 in
1433 743 1604 782 exercitu

193 797 336 836 victore
359 809 453 836 neve
474 797 596 835 hostis
618 797 762 836 inultos
781 797 886 836 abire
908 798 1019 837 sinat.
1056 798 1117 837 ille
1143 798 1244 837 brevi
1270 799 1444 838 mandata
1474 799 1603 839 efficit

151 861 171 892 6
194 860 231 893 at
252 853 436 904 Iugurtha
460 853 704 892 munimento
726 858 939 892 castrorum
961 854 1169 905 inpedituS,
1192 867 1279 893 cum
1302 855 1363 893 alii
1386 867 1505 906 super
1529 855 1606 894 val-

195 910 273 948 lum
297 909 667 961 praecipitarentur,
689 909 751 948 alii
774 910 812 948 in
835 911 1023 961 angustiis
1045 911 1118 961 ipsi
1140 910 1210 949 sibi
1237 918 1490 962 properantes
1521 912 1606 951 orfi-

152 975 169 1005 τ
195 972 350 1012 cerent,
380 965 511 1005 multis
533 966 682 1005 amissis
703 966 741 1005 in
764 965 846 1005 loca
868 967 1015 1006 munita
1038 979 1122 1006 sese
1150 968 1306 1018 recepit.
1348 967 1525 1007 Metellus
1548 968 1607 1007 in-

197 1023 293 1061 fecto
316 1022 495 1074 negotio,
518 1028 721 1073 postquam
745 1035 821 1061 nox
841 1023 990 1070 aderat,
1012 1024 1050 1062 in
1078 1029 1199 1061 castra
1229 1036 1316 1062 cum
1346 1025 1516 1063 exercitu
1546 1036 1607 1063 re·

120 1083 170 1119 59
197 1078 370 1118 vortitur.
413 1079 531 1129 igitur
551 1086 707 1130 postero
729 1079 809 1127 die,
833 1079 942 1130 prius
965 1091 1078 1130 quam
1099 1080 1144 1118 ad
1167 1079 1471 1130 obpugnandum
1498 1092 1608 1131 egre-

195 1135 372 1183 deretur,
394 1135 605 1186 equitatum
629 1147 781 1175 omnem
805 1136 842 1174 in
867 1148 908 1174 ea
931 1141 1057 1186 parte,
1081 1148 1155 1186 qua
1177 1135 1278 1186 regis
1308 1136 1493 1176 adventus
1514 1143 1607 1184 erat,

194 1203 265 1243 pro
288 1191 422 1231 castris
444 1192 587 1241 agitare
608 1192 728 1239 iubet,
750 1197 880 1243 portas
902 1198 937 1230 et
959 1203 1146 1242 proxuma
1167 1191 1249 1230 loca
1271 1191 1437 1231 tribunis
1458 1192 1609 1244 disper-

196 1248 262 1295 tit,
284 1247 453 1286 deinde
444 1260 528 1298 ipse
549 1248 677 1299 pergit
697 1249 742 1286 ad
763 1247 948 1299 oppidum
971 1254 1085 1299 atque
1115 1248 1171 1286 uti
1202 1248 1404 1299 superiore
1433 1248 1494 1288 die
1523 1261 1609 1288 mu-
1638 1258 1645 1267 ⁸

153 1313 172 1345 2
196 1315 283 1343 rum
318 1303 552 1354 aggreditur.
594 1304 748 1343 interim
778 1304 962 1354 Iugurtha
999 1317 1043 1343 ex
1078 1304 1229 1343 occulto
1260 1310 1420 1356 repente
1454 1312 1609 1345 nostros

197 1360 349 1399 invadit.
391 1360 458 1410 qui
481 1361 519 1399 in
542 1372 731 1412 pioxumo
754 1360 867 1400 locati
888 1361 1061 1408 suer‚ant
1084 1360 1282 1412 paulisper
1305 1361 1426 1400 territi
1456 1369 1611 1413 pertur—

155 1425 173 1457 3
197 1417 350 1464 bantur,
373 1417 511 1467 reliqui
535 1417 610 1456 cito
632 1416 881 1456 subveniunt.
924 1429 1051 1468 neque
1068 1417 1213 1456 diutius
1228 1416 1415 1457 Numidae
1431 1418 1611 1457 resistere

198 1473 422 1524 quivissent,
445 1474 485 1511 ni
507 1473 656 1524 pedites
679 1486 767 1512 cum
789 1473 985 1524 equitibus
1006 1474 1184 1525 permixti
1207 1486 1383 1525 magnam
1405 1474 1548 1513 cladem
1571 1474 1611 1513 in

198 1541 412 1579 congressu
442 1529 624 1569 facerent.
676 1530 817 1580 quibus
847 1529 899 1567 illi
930 1530 1017 1568 freti
1050 1542 1149 1575 non,
1182 1529 1236 1568 uti
1268 1530 1436 1581 equestri
1463 1530 1611 1582 proelio

197 1585 306 1633 solet,
329 1584 452 1636 sequi,
477 1585 564 1625 dein
587 1585 736 1633 cedere,
758 1585 824 1625 sed
845 1586 1015 1624 advorsis
1036 1586 1146 1636 equis
1161 1598 1408 1633 concurrere,
1425 1586 1612 1638 inplicare

197 1654 241 1681 ac
272 1641 498 1693 perturbare
530 1641 670 1680 aciem:
703 1642 752 1680 ita
783 1642 970 1693 expeditis
1000 1641 1194 1692 peditibus
1226 1643 1307 1681 suis
1335 1643 1456 1682 hostis
1491 1655 1613 1694 paene

124 1702 175 1738 60
199 1698 318 1737 victos
347 1698 449 1736 dare.
498 1697 632 1736 eodem
663 1704 838 1749 tempore
866 1698 969 1749 apud
989 1697 1139 1737 Zamam
1163 1710 1298 1749 magna
1329 1699 1361 1737 vi
1384 1700 1613 1739 certabatur.

201 1754 265 1793 ubi
288 1754 454 1805 quisque
474 1754 623 1805 legatus
644 1754 904 1793 auttribunus
920 1754 1089 1802 curabat,
1108 1767 1151 1793 eo
1168 1766 1369 1794 acerrume
1386 1755 1468 1802 niti,
1486 1768 1614 1807 neque

199 1810 296 1849 alius
325 1810 365 1849 in
396 1809 469 1848 alio
500 1811 621 1861 magis
652 1822 766 1860 quam
788 1811 826 1849 in
864 1822 948 1849 sese
969 1823 1077 1862 spem
1097 1810 1238 1850 habere
1259 1811 1480 1863 pariterque
1502 1811 1616 1863 oppi·
1645 1820 1651 1828 ·

200 1867 289 1906 dani
319 1878 452 1917 agere:
485 1866 712 1918 obpugnare
741 1873 807 1906 aut
836 1878 972 1917 parare
993 1866 1174 1906 omnibus
1204 1867 1318 1914 locis,
1341 1867 1485 1907 avidius
1506 1868 1614 1908 alteri

157 1931 176 1963 2³.
201 1923 342 1962 alteros
364 1923 536 1962 sauciare
560 1935 673 1974 quam
695 1929 817 1962 semet
837 1929 980 1973 tegere,
1003 1923 1148 1962 clamor
1167 1924 1380 1974 permixtus
1400 1924 1619 1964 hortatione

201 1979 343 2018 laetitia
373 1979 539 2030 gemitu,
572 1979 661 2018 item
691 1980 876 2031 strepitus
906 1991 1101 2019 armorum
1131 1980 1178 2018 ad
1211 1980 1358 2019 caelum
1393 1980 1507 2026 ferri,
1543 1980 1618 2020 tela

159 2043 178 2075 3
203 2035 397 2086 utrimque
432 2035 570 2075 volare.
611 2035 679 2074 sed
713 2036 767 2075 illi
803 2036 869 2087 qui
904 2036 1056 2075 moenia
1086 2036 1358 2084 defensabant,
1390 2037 1456 2076 ubi
1487 2037 1618 2076 hostes

204 2092 361 2143 paulum
397 2092 511 2130 modo
548 2103 718 2143 pugnam
754 2093 1002 2138 remiserant,
1040 2092 1178 2131 intenti
1213 2092 1404 2144 proelium
1438 2099 1617 2144 equestre

159 2155 178 2187 4
205 2147 515 2200 prospectabant.
565 2161 652 2195 eos,
689 2149 744 2187 uti
781 2161 957 2200 quaeque
994 2148 1202 2199 Iugurthae
1237 2161 1297 2188 res
1333 2155 1463 2197 crant,
1499 2149 1617 2189 laetos

205 2205 317 2243 modo
348 2204 462 2243 modo
493 2204 649 2256 pavidos
679 2205 1002 2244 animadverteres
1033 2217 1097 2253 ac,
1127 2205 1240 2245 sicuti
1266 2205 1388 2245 audiri
1409 2218 1430 2244 a
1450 2205 1531 2244 suis
1552 2210 1618 2245 aut

205 2260 313 2300 cerni
346 2266 526 2312 possent,
557 2273 716 2300 monere
744 2261 806 2300 alii
829 2262 892 2300 alii
914 2261 1059 2300 hortari
1081 2266 1147 2300 aut
1175 2273 1291 2301 manu
1315 2261 1532 2312 significare
1554 2267 1619 2301 aut

206 2318 275 2356 niti
306 2317 537 2368 corporibus
567 2323 604 2357 et
633 2330 674 2357 ea
704 2317 782 2356 huc
812 2324 848 2356 et
878 2318 969 2357 illuc
991 2318 1098 2368 quasi
1120 2317 1316 2357 vitabundi
1346 2324 1409 2356 aut
1435 2318 1618 2357 iacientes

296 2419 316 2450 4
342 2416 492 2449 frustrari
508 2417 572 2455 PC,
598 2416 742 2450 frustrati
763 2416 788 2450 C
803 2415 814 2459 ΙΙ
834 2419 853 2450 6
872 2417 1050 2450 clamorem
1069 2417 1102 2457 C,
1128 2416 1306 2450 clamorem
1323 2417 1376 2449 uel
1395 2419 1441 2457 (et
1461 2416 1488 2449 C
1499 2417 1618 2460 pauci)

208 2461 387 2495 tumultum
404 2462 460 2495 PC
476 2461 487 2505 Η
506 2463 521 2493 Τ
542 2462 671 2504 accepit
689 2473 733 2494 ex
749 2462 875 2495 accedit
894 2463 923 2495 P
935 2462 946 2504 ΙΙ
966 2463 1007 2495 26
1025 2461 1155 2494 aduersi
1173 2461 1267 2504 sequi
1286 2461 1348 2503 PC,
1373 2461 1524 2495 aduersis
1540 2461 1619 2504 equi

207 2517 298 2540 corr.
316 2509 353 2539 in
371 2507 406 2547 P,
423 2506 572 2539 aduersis
590 2507 685 2549 equis
703 2509 739 2539 z‘n
757 2507 892 2549 aliquot
909 2507 935 2540 C
951 2506 962 2550 ΙΙ
980 2508 1021 2540 32
1041 2507 1222 2549 permixtus
1240 2517 1285 2539 esz-
1302 2507 1486 2549 promixtus
1504 2508 1534 2540 P
1547 2505 1560 2550 ss
1576 2508 1617 2541 38

209 2556 345 2594 possent
371 2562 415 2583 eac
440 2551 569 2594 possint
594 2553 623 2584 P
