1709 2885
20 696 58 728 10

17 976 55 1008 15

14 1255 54 1289 20

12 2096 52 2130 35

542 84 595 117 DE
620 83 754 116 BELLO
777 81 1040 116 IUGURTHINO
1443 78 1495 117 43

89 188 204 235 domi,
235 193 414 239 potentes
445 187 547 238 apud
568 186 707 233 socios,
739 185 829 224 clari
851 184 971 235 magis
1002 196 1116 235 quam
1145 183 1312 229 honesti,
1344 183 1411 233 qui
1433 183 1498 221 Iu-

89 243 249 294 gurthae
290 256 369 282 non
399 243 632 282 mediocrem
663 242 834 281 animum
863 240 1112 303 pollicitando
1144 238 1423 284 accendebant
1464 239 1496 277 si

87 300 247 350 Micipsa
268 312 334 338 rex
356 299 570 342 occidisset,
591 299 674 337 fore
698 298 752 336 uti
777 297 912 336 solus
903 297 1041 347 lmperi
1061 295 1263 334 Numidiae
1284 296 1494 345 potiretur:

87 357 127 394 in
144 355 230 406 ipso
248 368 462 394 maxumam
483 355 675 400 virtutem,
697 353 840 392 Romae
859 353 985 391 omnia
1000 352 1145 390 venalia
1168 364 1264 390 esse.
1300 352 1366 390 sed
1387 357 1495 402 post·
1518 357 1537 389 2

88 423 201 463 quam
222 411 426 450 Numantia
449 411 571 450 deleta
591 410 632 448 P.
656 410 788 460 Scipio
810 409 1001 448 dimittere
1022 408 1161 447 auxilia
1183 413 1219 446 et
1240 408 1322 458 ipse
1353 407 1496 446 revorti

86 469 242 506 domum
264 468 453 508 decrevit.
484 467 667 505 donatum
688 473 801 516 atque
826 465 1022 504 laudatum
1042 464 1245 514 magnifice
1266 475 1338 514 pro
1370 463 1495 502 conti-

86 536 161 562 one
180 523 405 573 Iugurtham
427 524 466 562 in
488 522 724 574 praetorium
745 521 899 560 abduxit
920 521 1051 572 ibique
1082 526 1232 559 secreto
1254 519 1418 564 monuit,
1453 526 1495 558 ut

85 579 215 630 potius
245 579 400 629 publice
431 592 544 630 quam
566 578 739 630 privatim
770 578 975 616 amicitiam
1003 576 1140 628 populi
1160 575 1324 614 Romani
1352 576 1495 615 coleret

87 647 163 674 neu
194 635 336 686 quibus
358 635 487 686 largiri
516 636 774 674 insuesceret:
807 634 1026 684 periculose
1057 645 1076 671 a
1106 632 1240 683 paucis
1263 632 1359 679 emi,
1392 632 1495 683 quod

85 691 297 730 multorum
319 698 433 730 esset.
473 691 504 730 si
520 702 750 742 permanere
770 689 882 728 vellet
904 690 942 728 in
966 690 1045 728 suis
1067 688 1226 735 artibus,
1257 688 1359 726 ultro
1381 688 1435 726 illi
1458 694 1495 726 et

86 747 246 797 gloriam
268 753 305 786 et
323 759 486 797 regnum
508 753 726 793 venturum,
748 745 808 784 sin
830 745 1105 796 properantius
1125 752 1319 795 pergeret,
1346 750 1494 783 suamet

85 804 213 854 ipsum
243 803 409 853 pecunia
432 802 684 854 praeeipitem
715 814 908 840 casurum.
969 802 1021 840 sic
1052 802 1206 839 locutus
1237 812 1324 838 cum
1356 800 1493 839 litteris
1516 802 1540 837 9

85 871 185 901 eum,
209 871 304 909 quas
320 859 503 909 Micipsae
519 858 710 905 redderet,
733 857 887 896 dimisit.
927 869 1058 896 earum
1073 856 1265 896 sententia
1287 856 1381 895 haec
1399 863 1491 895 erat.

79 911 304 965 ‘Iugurthae
326 915 381 953 tui
400 914 501 953 bello
522 915 759 953 Numantino
781 914 896 964 longe
922 926 1097 952 maxuma
1119 914 1239 952 virtus
1260 913 1345 957 fuit,
1378 925 1492 964 quam
1517 919 1534 950 2

84 983 165 1009 rem
187 970 253 1009 tibi
287 976 391 1009 certo
413 971 492 1009 scio
515 971 653 1021 gaudio
676 983 772 1009 esse.
821 970 933 1009 nohis
955 969 1003 1008 ob
1024 970 1158 1008 merita
1181 982 1249 1008 sua
1279 981 1392 1007 carus
1415 976 1492 1008 est:

86 1033 128 1065 ut
158 1027 259 1065 idem
291 1027 441 1066 senatui
472 1033 509 1065 et
538 1027 685 1078 populo
717 1026 891 1065 Romano
923 1026 990 1071 sit,
1024 1038 1173 1064 summa
1205 1038 1279 1076 ope
1310 1026 1492 1064 nitemur.

84 1082 151 1121 tibi
182 1083 337 1133 quidem
368 1095 439 1133 pro
472 1090 602 1122 nostra
633 1082 796 1122 amicitia
828 1082 1011 1134 gratulor.
1063 1095 1110 1121 en
1134 1082 1251 1120 habes
1280 1082 1404 1120 virum
1437 1082 1493 1119 di-

84 1151 203 1188 gnum
223 1147 260 1178 te
283 1146 395 1190 atque
417 1152 484 1178 avo
506 1152 576 1178 suo
598 1134 822 1178 Masinissa?
864 1138 983 1189 igitur
1003 1150 1071 1176 rex
1092 1137 1158 1176 ubi
1181 1151 1222 1176 ea
1236 1168 1244 1184 ,
1276 1149 1373 1187 quae
1394 1140 1493 1176 fama
1516 1144 1534 1176 3

83 1202 296 1246 acceperat,
331 1208 375 1233 ex
399 1195 536 1234 litteris
558 1195 800 1246 imperatoris
821 1195 871 1233 ita
902 1207 986 1233 esse
1008 1194 1201 1245 cognovit,
1234 1206 1322 1232 cum
1352 1194 1490 1232 virtute

83 1258 165 1290 tum
186 1251 304 1301 gratia
326 1250 396 1289 viri
416 1258 615 1302 permotus
632 1251 735 1290 flexit
757 1251 928 1289 animum
949 1263 1064 1289 suum
1082 1256 1117 1288 et
1133 1250 1359 1299 Iugurtham
1380 1250 1491 1288 beni-

83 1307 179 1345 ficiis
209 1307 362 1345 vincere
393 1319 600 1358 aggressus
622 1313 698 1353 est,
737 1307 942 1357 statimque
973 1319 1061 1345 eum
1090 1306 1283 1357 adoptavit
1308 1312 1346 1344 et
1374 1313 1491 1345 testa-

83 1370 214 1401 mento
235 1363 380 1414 pariter
401 1376 488 1402 cum
509 1364 597 1402 filiis
618 1363 799 1402 heredem
821 1363 1000 1402 instituit.
1042 1363 1108 1401 sed
1130 1363 1213 1413 ipse
1235 1374 1382 1413 paucos
1403 1368 1492 1413 post
1514 1369 1533 1401 4

83 1431 207 1458 annos
227 1419 362 1458 morbo
392 1426 505 1470 atque
527 1426 646 1458 aetate
672 1420 871 1458 confectus
894 1431 981 1457 cum
1003 1419 1075 1457 sihi
1097 1419 1211 1457 finem
1233 1418 1330 1457 vitae
1359 1419 1492 1458 adesse

83 1475 338 1524 intellegeret,
356 1487 483 1514 coram
499 1476 631 1514 amicis
648 1482 685 1513 et
701 1477 874 1525 cognatis
890 1475 1059 1525 itemque
1076 1474 1289 1513 Adherbale
1306 1481 1344 1523 et
1359 1475 1492 1513 Hiem-

84 1531 190 1582 psale
209 1531 297 1570 filiis
320 1532 461 1570 dicitur
481 1531 749 1570 huiuscemodi
771 1531 885 1569 verba
908 1543 997 1569 cum
1019 1530 1204 1581 Iugurtha
1225 1530 1421 1569 habuisse.

190 1584 368 1626 ‘parvom
391 1600 474 1637 eg0‚
506 1587 705 1637 Iugurtha,
737 1594 774 1626 te
796 1587 934 1625 amisso
958 1593 1065 1638 patre
1097 1586 1180 1625 sine
1202 1598 1271 1637 spe
1302 1587 1386 1626 sine
1414 1587 1498 1638 opi·
1525 1591 1573 1626 10

82 1643 155 1682 bus
170 1644 210 1682 in
227 1656 392 1694 regnum
408 1656 536 1682 meum
554 1644 697 1694 accepi,
720 1643 956 1681 existumans
975 1655 1053 1682 non
1071 1642 1202 1681 minus
1217 1655 1278 1681 me
1297 1642 1366 1681 tibi
1383 1655 1495 1694 quam

82 1699 226 1744 liberis,
244 1700 275 1738 si
294 1700 528 1750 genuissem,
546 1699 594 1738 ob
612 1699 788 1738 benificia
804 1711 933 1737 carum
953 1700 1047 1737 fore.
1081 1711 1208 1749 neque
1221 1711 1262 1737 ea
1279 1711 1341 1738 res
1357 1700 1497 1738 falsum

82 1767 144 1794 me
160 1756 305 1795 habuit.
342 1768 452 1802 nam,
484 1762 525 1795 ut
546 1755 618 1794 alia
635 1767 771 1805 magua
793 1761 829 1792 et
851 1755 1002 1805 egregia
1025 1761 1087 1793 tua
1113 1754 1298 1801 omittam,
1321 1755 1496 1794 novissu-
1520 1762 1539 1794 2

82 1823 145 1850 me
164 1812 318 1850 rediens
333 1812 538 1851 Numantia
555 1824 694 1861 meque
708 1822 953 1861 regnumque
971 1823 1099 1849 meum
1123 1810 1243 1860 gloria
1260 1811 1497 1849 honoravisti

82 1873 225 1919 tuaque
245 1868 385 1906 virtute
408 1867 521 1906 nobis
543 1867 738 1905 Romanos
761 1879 805 1905 ex
827 1866 958 1905 amicis
979 1866 1247 1905 amicissumos
1268 1867 1406 1905 fecisti.
1455 1867 1495 1905 in

82 1923 267 1974 Hispania
288 1935 431 1962 nomen
455 1923 618 1961 familiae
640 1928 864 1961 renovatum
888 1929 956 1961 est.
997 1928 1208 1973 postremo,
1232 1923 1335 1973 quod
1361 1923 1496 1961 dificil-

81 1979 229 2018 lumum
251 1979 352 2017 inter
371 1979 545 2017 mortalis
566 1985 635 2024 est,
658 1979 777 2029 gloria
799 1979 976 2018 infidiam
995 1978 1132 2017 vicisti.
1170 1991 1289 2025 nunc,
1314 1979 1497 2030 quoniam
1520 1988 1538 2019 3

81 2035 175 2074 mihi
192 2041 327 2074 natura
349 2036 464 2074 finem
481 2035 578 2073 vitae
599 2035 700 2080 facit,
722 2047 793 2086 per
812 2035 912 2073 hanc
934 2035 1140 2080 dexteram,
1163 2047 1233 2086 per
1249 2036 1360 2086 regni
1380 2035 1495 2074 fidem

82 2103 222 2130 moneo
240 2091 490 2142 obtestorque
513 2096 562 2135 te,
585 2091 640 2129 uti
661 2092 746 2137 hos,
769 2091 835 2142 qui
856 2091 923 2129 tihi
946 2103 1088 2141 genere
1104 2092 1331 2142 propinqui,
1357 2091 1495 2130 benifi-

18 2156 21 2159 ·
81 2147 140 2185 cio
161 2160 248 2186 meo
277 2147 416 2186 fratres
437 2153 540 2193 sunt,
572 2159 682 2185 caros
703 2147 856 2194 habeas,
888 2160 963 2186 neu
986 2147 1096 2186 malis
1117 2147 1264 2186 alienos
1286 2148 1497 2198 adiungere

81 2215 196 2253 quam
211 2203 400 2253 sanguine
417 2204 648 2242 coniunctos
663 2203 845 2243 retinere.
877 2216 956 2242 non
975 2204 1167 2243 exercitus
1185 2216 1312 2254 neque
1323 2204 1496 2243 thesauri
1519 2212 1538 2243 4

170 2326 188 2358 3
213 2334 344 2366 imperii
357 2324 421 2358 PC
439 2324 577 2366 imperio
593 2323 680 2368 0117
696 2324 833 2358 abduxit
851 2325 883 2365 C,
902 2325 1038 2358 adduxit
1057 2325 1113 2358 PC
1129 2324 1140 2369 11
1161 2327 1196 2358 11
1219 2336 1312 2358 suam
1333 2330 1364 2358 et
1386 2326 1438 2369 ips
1441 2336 1496 2358 um

79 2369 255 2411 pecuniam
268 2368 348 2412 Ρο11
372 2373 409 2403 15
425 2375 516 2402 certo
530 2369 588 2401 ΡΙ
585 2369 628 2409 C,
646 2374 734 2402 certe
750 2370 861 2413 01116
884 2376 916 2402 et
938 2370 1065 2413 populo
1082 2380 1220 2403 romano
1237 2371 1298 2403 ΡΙ
1302 2371 1335 2412 C.
1356 2371 1498 2413 populo-

80 2423 162 2456 quer
175 2424 295 2446 omano
313 2414 362 2456 Css
383 2424 446 2456 ope
459 2427 496 2443 *a
514 2413 627 2455 Ρ1117
652 2415 741 2448 enC
768 2428 806 2444 ιε*
826 2416 862 2455 P,
887 2426 952 2447 om
970 2415 1005 2446 Ι
1019 2415 1029 2455 ’1
1049 2416 1088 2448 19
1115 2426 1189 2448 cum
1209 2416 1242 2448 C
1268 2422 1338 2448 tum
1354 2415 1495 2457 1203123

80 2458 218 2491 finems.
232 2470 257 2491 s.
272 2458 324 2501 Ρ11
345 2460 387 2491 26
401 2469 464 2501 ego
483 2459 638 2500 iugurtha
652 2464 686 2492 te
698 2460 760 2498 PC,
776 2469 838 2501 ego
853 2465 886 2492 te
901 2449 1058 2502 iugurtha
1074 2460 1104 2491 l
1108 2460 1135 2493 C
1150 2459 1161 2503 11
1179 2462 1218 2493 27
1234 2470 1372 2502 regnum
1386 2470 1497 2493 meum

78 2503 147 2545 PV,
167 2514 278 2536 meum
296 2513 434 2545 regnum
451 2504 477 2536 C
492 2505 503 2543 11
521 2505 560 2536 23
576 2503 689 2536 liberis
703 2504 766 2537 del.
785 2485 930 2538 Laii-'wnms
946 2504 957 2548 1
979 2507 1018 2538 30
1034 2505 1216 2538 onerauisti
1232 2485 1405 2546 l‚³D1'eclc
1417 2506 1498 2538 dzssss

78 2548 153 2580 Jen.
163 2560 194 2581 a
206 2548 332 2591 1872p.
334 2529 456 2589 0351134
473 2549 562 2581 uitae
573 2548 674 2581 finem
686 2549 727 2591 11]
741 2551 781 2582 35
796 2554 826 2582 te
836 2550 893 2582 ΡΙ
891 2550 933 2583 C.
946 2560 1010 2582 om.
1024 2549 1115 2593 81137
1128 2551 1225 2583 ὀὶιειε
1211 2551 1410 2592 auri(e7·as.
1421 2553 1454 2591 n)
1468 2551 1499 2583 V
