1709 2885
132 100 210 140 102
634 106 667 138 (3.
687 104 891 138 SALLUSTI
915 105 1051 139 CRISPl

128 207 202 247 bus
223 207 383 258 proeliis
404 214 591 248 venerant
611 221 680 248 seu
702 208 923 248 admonitus
943 208 990 248 ab
1010 208 1094 248 aliis
1115 209 1261 258 amicis,
1285 223 1384 262 quos
1406 210 1544 251 incon·

129 270 267 316 ruptos
284 264 468 314 Iugurtha
485 264 706 316 reliquerat,
729 277 774 304 ex
795 265 900 303 omni
918 265 1028 317 copia
1046 266 1352 306 necessariorum
1369 266 1544 318 quinque

87 327 106 358 3
129 320 284 371 delegit,
304 332 472 372 quorum
489 327 526 360 et
546 321 640 360 fides
657 321 809 372 cognita
832 327 869 360 et
889 321 1043 372 ingenia
1059 321 1303 361 validissuma
1319 328 1440 362 erant.
1476 336 1543 363 eos

128 376 173 416 ad
195 376 358 415 Marium
379 389 423 416 ac
443 377 594 423 deinde,
617 378 649 416 si
672 377 831 428 placeat,
852 377 1012 417 Romam
1034 378 1180 429 legatos
1201 378 1257 417 ire
1278 378 1398 427 iubet,
1419 391 1543 430 agun—

130 433 264 472 darum
296 445 425 472 rerum
458 440 494 472 et
523 446 772 485 quocumque
801 433 915 472 modo
946 433 1032 473 belli
1065 435 1319 486 conponundi
1350 435 1545 475 licentiam

87 495 106 526 4
130 489 226 540 ipsis
241 489 441 540 permittit.
473 490 526 528 illi
544 497 694 530 mature
710 490 757 530 ad
774 490 934 529 hiberna
946 489 1210 530 Romanorum
1228 491 1545 542 proficiscuntur,

130 545 269 585 deinde
287 546 325 584 in
341 546 481 585 itinere
497 559 516 585 a
531 546 701 586 Gaetulis
719 545 933 586 latronibus
950 547 1200 586 circumventi
1217 547 1461 600 spoliatique,
1479 560 1546 600 pa-

131 602 206 641 vidi
227 602 311 640 sine
328 601 468 641 decore
489 603 534 642 ad
551 603 696 642 Sullam
718 603 957 654 perfugiunt,
980 615 1095 653 quem
1118 603 1256 642 consul
1274 604 1312 642 in
1335 604 1549 655 expeditio-

87 665 105 696 5
131 670 219 697 nem
241 658 494 709 proficiscens
517 672 587 710 pro
609 666 787 710 praetore
808 659 1028 711 reliquerat.
1071 672 1137 698 eos
1159 660 1222 698 ille
1245 672 1323 698 non
1347 672 1418 711 pro
1440 660 1547 699 vanis

130 713 319 761 hostibus,
343 715 399 753 uti
421 715 548 754 meriti
567 722 689 763 erant,
712 716 778 754 sed
800 716 979 762 adcurate
996 728 1039 755 ac
1061 715 1269 755 liberaliter
1290 716 1435 756 habuit.
1473 728 1548 768 qua

132 782 174 809 re
204 770 355 809 barbari
393 778 428 810 et
461 772 558 810 sama
588 772 764 811 avaritiae
795 771 1058 811 Romanorum
1092 772 1222 811 falsam
1255 777 1292 811 et
1322 772 1467 811 Sullam
1499 772 1548 811 ob

87 833 106 865 6
130 827 436 866 munificentiam
453 827 490 867 in
510 840 594 867 sese
615 829 781 868 amicum
798 829 882 869 rati.
916 841 1002 867 nam
1021 829 1133 867 etiam
1150 834 1230 867 tum
1248 828 1397 878 largitio
1413 828 1546 867 multis

130 883 262 934 ignota
285 889 377 930 erat,
410 883 619 923 munificus
641 897 754 923 nemo
776 884 985 936 putabatur
1006 885 1080 923 nisi
1102 885 1247 936 pariter
1266 886 1399 924 volens
1413 915 1422 931 ‚
1448 885 1548 924 dona

87 946 104 976 7
131 940 261 978 omnia
283 939 321 978 in
343 939 582 991 benignitate
603 941 856 981 habebantur.
899 940 1016 992 igitur
1038 941 1231 991 quaestori
1255 941 1432 980 mandata
1449 941 1548 980 Boc-

130 995 191 1035 chi
214 996 469 1047 patesaciunt:
502 997 617 1036 simul
646 998 692 1036 ab
716 1010 760 1037 eo
782 1003 923 1049 petunt
952 997 1005 1036 uti
1027 997 1154 1035 fautor
1175 997 1453 1048 consultorque
1475 996 1548 1035 sibi

129 1052 240 1100 adsit,
263 1053 394 1104 copias
411 1053 524 1092 fidem
543 1054 850 1104 magnitudinem
868 1053 970 1103 regis
992 1053 1051 1092 sui
1074 1060 1111 1092 et
1131 1052 1214 1100 alia,
1238 1065 1334 1104 quae
1356 1058 1423 1093 aut
1444 1052 1550 1092 utilia

129 1114 195 1148 aut
215 1108 503 1149 benivolentiae
523 1123 608 1149 esse
630 1110 850 1157 credebant,
873 1109 1048 1148 oratione
1070 1109 1273 1148 extollunt.
1333 1109 1421 1148 dein
1444 1108 1550 1148 Sulla

130 1165 259 1204 omnia
275 1165 449 1216 pollicito
466 1166 581 1214 docti,
603 1179 680 1217 quo
698 1167 813 1205 modo
830 1166 931 1217 apud
949 1165 1126 1214 Marium,
1149 1165 1239 1204 item
1254 1165 1356 1216 apud
1373 1171 1551 1204 senatum

129 1220 242 1261 verba
265 1222 448 1270 facerent,
472 1223 627 1262 circiter
648 1223 729 1262 dies
752 1222 1006 1274 quadraginta
1029 1221 1169 1260 ibidem
1193 1222 1467 1273 opperiuntur.

30 1282 105 1318 104
252 1278 398 1317 Marius
421 1279 486 1318 uhi
515 1280 658 1318 infecto
683 1291 760 1330 quo
781 1278 1000 1318 intenderat
1027 1278 1183 1328 negotio
1207 1278 1347 1317 Cirtam
1371 1278 1483 1317 rediit
1513 1282 1550 1316 et

129 1334 175 1373 de
205 1334 370 1374 adventu
401 1335 617 1385 legatorum
643 1335 787 1374 certior
816 1336 939 1374 sactus
969 1341 1041 1379 est,
1076 1334 1240 1385 illosque
1271 1339 1309 1373 et
1328 1333 1473 1373 Sullam
1504 1333 1551 1372 ab

128 1390 236 1430 Utica
256 1391 387 1430 venire
408 1391 528 1441 iubet,
561 1392 651 1431 item
673 1392 716 1430 L.
738 1391 946 1430 Billienum
967 1397 1208 1443 praetorem,
1240 1396 1439 1442 praeterea
1468 1402 1551 1429 om-

132 1447 194 1486 nis
210 1447 386 1498 undique
402 1448 587 1487 senatorii
604 1448 766 1494 ordinis,
792 1448 1026 1499 quibuscum
1049 1447 1226 1486 mandata
1240 1446 1384 1486 Bocchi
1406 1458 1552 1498 cogno-

88 1512 106 1544 2
131 1503 215 1542 scit.
248 1503 383 1554 legatis
399 1510 569 1555 potestas
586 1505 747 1543 Romam
763 1504 882 1543 eundi
897 1505 940 1542 tit
957 1503 1004 1542 ab
1021 1504 1196 1550 consule,
1219 1503 1366 1542 interea
1381 1503 1553 1542 indutiae

129 1648 148 1669 z
174 1637 239 1669 alii
260 1639 478 1669 substituunt
508 1636 651 1669 feliciter
676 1647 753 1678 erga
781 1647 936 1670 romanos
965 1637 1017 1669 rel
1041 1637 1197 1677 flectitur,
1223 1636 1287 1668 alii
1311 1638 1477 1668 omittunt
1498 1646 1554 1667 vo-

130 1682 293 1715 cabulum
311 1684 357 1717 (ὐ.
373 1681 489 1723 praef.
509 1682 559 1714 ed.
579 1683 609 1723 l)
628 1681 639 1724 ΙΙ
659 1684 678 1715 2
701 1682 825 1714 desunt
841 1684 877 1714 in
899 1682 953 1714 PC
968 1684 1071 1714 verba
1095 1681 1242 1724 quinque
1270 1685 1303 1713 ot
1319 1691 1407 1722 quae
1430 1692 1471 1713 sa.
1499 1691 1556 1712 us-

129 1738 195 1769 que
213 1728 260 1759 ad
276 1738 303 1760 e.
322 1728 396 1767 112,
409 1727 432 1760 3
449 1730 479 1759 et
500 1730 588 1764 rata;
607 1728 734 1759 habent
750 1738 768 1758 z
785 1726 797 1769 ΙΙ
817 1729 836 1759 4
855 1726 948 1759 iubet
965 1727 1011 1760 ire
1029 1740 1057 1761 π
1072 1726 1084 1770 ll
1105 1731 1123 1758 ti
1141 1726 1224 1769 ipsis
1242 1737 1292 1767 tiz,
1316 1726 1383 1758 illis
1403 1736 1486 1758 muz
1502 1724 1514 1768 ΙΙ
1535 1727 1552 1758 7

128 1773 161 1804 in
180 1772 299 1805 itinere
317 1783 382 1805 om.
406 1783 433 1804 π
449 1771 461 1814 {l
481 1773 500 1805 8
526 1772 597 1804 sine
615 1771 735 1804 decore
754 1782 818 1804 om.
836 1782 899 1804 mn
915 1772 927 1814 ΙΙ
947 1773 1137 1814 perfugiunt
1166 1782 1260 1811 muz,
1279 1770 1472 1814 profugiunt
1501 1781 1554 1811 υς,

129 1821 273 1860 pergunt
296 1829 315 1848 z
332 1817 344 1860 ΙΙ
363 1819 382 1850 9
407 1817 441 1849 ἰιι
459 1817 577 1849 castris
590 1821 671 1859 post
687 1820 841 1859 praetore
867 1819 992 1849 inserit
1015 1827 1049 1849 m
1068 1816 1080 1860 ΙΙ
1101 1819 1135 1849 11
1166 1816 1325 1849 auaritiae
1342 1825 1555 1848 romanorum

128 1873 194 1903 naz,
220 1872 432 1895 romanorum
457 1862 619 1895 auaritiae
643 1873 713 1894 wrz
730 1860 743 1906 ss
763 1865 843 1894 ante
872 1862 914 1894 ob
940 1875 967 1895 π
992 1864 1055 1894 ins.
1087 1872 1145 1904 pro
1176 1860 1332 1904 honorefl
1360 1862 1398 1894 12
1424 1859 1556 1893 munifi-

129 1907 274 1940 centiam
289 1908 471 1940 amicorum
485 1918 513 1939 π
528 1906 539 1950 ΙΙ
558 1907 619 1939 rati
633 1910 710 1939 sunt
724 1918 743 1938 v
760 1907 771 1949 Η
793 1909 832 1940 13
847 1907 963 1949 ignota
978 1919 1029 1947 vz,
1044 1908 1196 1949 ignorata
1211 1916 1278 1948 mz,
1291 1906 1406 1948 ignara
1418 1904 1557 1938 Cot-tius

131 1953 251 1994 (apud
273 1952 366 1985 Non.
385 1963 422 1994 p.
443 1951 489 1985 23
511 1952 626 1994 ignota
652 1952 770 1993 Men-c„
799 1952 900 1993 Ger-L,
926 1953 1039 1995 ignara
1063 1952 1184 1992 Quielt.
1209 1953 1285 1983 sine.
1307 1953 1427 1993 script.
1452 1950 1555 1983 discr.

134 1998 256 2038 edunt)
277 1997 289 2040 Η
305 2008 340 2030 er
359 2024 365 2031 .
381 2024 387 2030 .
403 2023 409 2030 .
425 2005 439 2030 .'
451 1996 630 2030 munificus
648 1997 830 2039 putabatur
852 1999 913 2038 (-at
941 2007 1038 2030 nemo
1059 1999 1200 2039 periere
1222 1999 1261 2028 in
1282 1996 1423 2036 lacuna)
1440 2004 1479 2028 m·
1495 1994 1507 2039 ΙΙ
1524 1994 1557 2028 ni

129 2053 163 2075 m
182 2041 194 2086 ΙΙ
210 2046 244 2075 et
268 2046 350 2075 ante
373 2042 493 2075 uolens
518 2044 582 2074 ins.
605 2053 632 2075 π
652 2041 663 2085 ΙΙ
686 2044 721 2075 15
746 2042 828 2074 assit
847 2043 909 2075 sibi
931 2053 966 2075 m
982 2043 993 2086 Η
1017 2044 1055 2076 16
1080 2041 1146 2074 fide
1166 2052 1201 2073 m
1217 2041 1229 2085 ΙΙ
1252 2043 1289 2074 17
1308 2040 1557 2073 beniuolentiae

130 2098 225 2129 maz,
253 2087 483 2120 beniuolentia
512 2098 552 2118 v:
572 2085 584 2130 11
609 2089 650 2120 20
679 2087 736 2119 ubi
765 2097 831 2127 τηε,
856 2092 1037 2131 postquam
1066 2098 1135 2120 vnz
1159 2086 1172 2130 Η
1200 2085 1326 2119 infecto
1358 2097 1454 2126 maz,
1479 2095 1558 2118 con-

131 2133 221 2166 secto
239 2143 280 2165 υς
299 2132 310 2175 ΙΙ
328 2143 394 2175 quo
412 2131 602 2165 intenderat
620 2132 757 2174 negotio
775 2143 856 2173 mm,
883 2133 973 2176 quod
999 2132 1187 2165 intenderat
1209 2131 1345 2173 negotio
1363 2142 1393 2172 z,
1420 2130 1556 2173 negotio

132 2178 222 2221 quod
246 2177 435 2211 intenderat
459 2187 493 2209 m
509 2177 520 2219 ΙΙ
539 2177 638 2210 rediit
662 2176 869 2210 ‹st—sactus
894 2182 946 2211 est
970 2188 1088 2218 munz,
1113 2179 1261 2210 et-—est
1285 2186 1351 2208 om.
1382 2187 1400 2207 z
1420 2175 1487 2218 1121
1516 2175 1558 2207 ab

131 2223 221 2256 utica
246 2234 298 2263 υς,
323 2223 365 2255 ad
391 2222 513 2255 uticam
538 2233 590 2263 m,
614 2223 738 2255 uticam
764 2234 811 2255 π.·
845 2223 885 2255 ab
915 2227 1008 2256 tucca
1034 2234 1078 2255 esc
1103 2234 1122 2253 z
1146 2223 1271 2264 pauci,
1308 2221 1403 2263 quod
1421 2220 1561 2263 placuit

137 2268 266 2301 Orellio
285 2267 298 2311 ss
315 2269 356 2300 22
381 2268 414 2300 L.
431 2267 610 2300 Billienum
633 2269 781 2309 scripsi:
805 2267 826 2300 l.
843 2268 1024 2301 hellienum
1051 2270 1116 2306 (sic
1133 2270 1176 2308 π)
1194 2266 1248 2298 vel
1262 2265 1467 2308 belligenum
1493 2266 1560 2304 (sic

131 2323 166 2345 m
191 2317 223 2345 et
247 2326 274 2346 π
297 2312 393 2354 m.2)
419 2323 438 2344 z
460 2312 631 2354 plerique,
656 2313 675 2345 l.
695 2312 873 2345 bebienum
899 2313 967 2353 (bie
992 2315 1029 2345 in
1047 2313 1130 2352 ras.)
1155 2322 1201 2351 v,-
1225 2314 1264 2343 at
1283 2313 1319 2343 in
1338 2310 1449 2342 titulis
1467 2313 1561 2342 certe

134 2358 297 2391 Be’llieni
313 2368 384 2390 non
401 2360 479 2390 rari
496 2359 542 2395 (v.
557 2358 664 2390 Henz.
677 2358 766 2391 6595
780 2374 824 2386 =
839 2357 873 2390 C.
889 2359 913 2391 J.
928 2358 966 2391 L.
981 2360 1012 2397 5,
1032 2360 1058 2399 l,
1072 2357 1170 2391 2501.
1196 2356 1304 2388 Fabr.
1317 2355 1394 2396 685,
1410 2356 1451 2388 48
1465 2372 1510 2384 =
1524 2355 1560 2388 G.

134 2404 161 2436 J.
178 2403 218 2436 L.
240 2404 273 2445 6,
286 2403 373 2437 2735
385 2402 398 2424 '²
415 2403 480 2435 col.
498 2403 542 2444 ll,
555 2403 627 2444 24),
652 2402 827 2435 Bellieni
852 2407 935 2435 teste
951 2403 1117 2435 Hiibnem)
1142 2401 1234 2433 nulli
1248 2400 1261 2444 Η
1277 2404 1355 2443 post
1372 2404 1561 2443 praetorem

135 2449 248 2491 (quod
271 2459 337 2481 om.
353 2452 397 2490 π)
416 2459 456 2479 vz
473 2449 634 2480 inserunt
651 2448 751 2489 utica,
777 2449 942 2480 omittunt
959 2459 1012 2480 τηε
1029 2447 1042 2492 {l
1062 2449 1103 2481 23
1131 2446 1303 2489 cognoscit
1322 2445 1497 2487 (cognouit
1513 2446 1560 2486 m)

134 2495 167 2528 in
192 2494 315 2536 quibus
340 2493 460 2535 legatis
480 2503 569 2534 muz,
594 2494 626 2526 in
649 2493 771 2535 quibus
791 2503 856 2525 om.
872 2505 920 2526 uz
939 2492 951 2536 ΙΙ
969 2495 1010 2527 24
1036 2496 1187 2535 potestas
1207 2501 1332 2524 romam
1354 2490 1452 2523 eundi
1481 2501 1562 2531 unz,

135 2538 235 2572 eundi
261 2542 412 2581 potestas
437 2548 563 2571 romam
588 2549 642 2570 mz.
662 2538 673 2582 ΙΙ
691 2538 726 2570 fit
746 2547 763 2570 a
784 2549 814 2578 z,
839 2537 877 2571 fit
902 2542 936 2571 et
956 2549 974 2571 a
998 2550 1015 2570 υ
1036 2548 1080 2570 m.
1109 2536 1131 2569 2
1153 2547 1219 2577 mz,
1246 2535 1307 2568 fuit
1339 2540 1371 2568 et
1395 2545 1411 2568 a
1440 2546 1458 2567 υ
1483 2536 1560 2568 m.1

138 2596 166 2617 π
181 2582 194 2627 ΙΙ
213 2583 343 2617 boccho
367 2583 474 2617 sullae
499 2595 526 2615 π
