1709 2885
57 1502 76 1533 5

39 1783 77 1815 10

41 2065 77 2096 15

573 731 871 771 c.SALLUST1
904 730 1061 771 Cnlsri

237 843 709 891 ORATIONES
766 843 857 890 ET
911 841 1378 890 EPISTULAE

526 964 779 998 EXCERPTAE
803 965 857 998 DE
882 965 1100 998 HISTORIIS.

437 1099 711 1144 ORATIO
749 1101 1008 1143 LEPIDI
1048 1099 1190 1144 COS.

505 1188 570 1223 AD
600 1188 828 1224 PoPULUM
852 1188 1108 1224 ROMANUM.

217 1270 427 1310 Clementia
457 1277 494 1310 et
515 1270 685 1322 probitas
706 1276 854 1316 vostra,
886 1270 1075 1316 Quirites,
1109 1268 1250 1320 quibus
1271 1280 1342 1319 per
1372 1274 1516 1307 ceteras
1542 1276 1555 1308 1

105 1327 230 1378 gentis
261 1328 428 1366 maxumi
461 1333 497 1366 et
527 1326 619 1365 clari
650 1326 760 1373 estis,
800 1326 1026 1378 plurumum
1066 1325 1216 1364 timoris
1245 1324 1339 1363 mihi
1370 1324 1517 1363 faciunt

105 1384 308 1422 advorsum
332 1383 573 1435 tyrannidem
595 1383 637 1421 L.
661 1382 802 1430 Sullae,
833 1395 894 1429 ne,
925 1395 1023 1433 quae
1044 1381 1118 1433 ipsi
1141 1381 1304 1420 nefanda
1325 1387 1515 1419 aestuma-

104 1440 166 1486 tis,
199 1452 239 1478 ea
262 1452 398 1490 parum
421 1439 620 1478 credundo
650 1439 696 1478 de
717 1438 800 1478 aliis
830 1438 1185 1477 circumveniamini
1206 1461 1260 1465 —
1289 1435 1515 1488 praesertim

107 1508 193 1535 cum
216 1495 268 1533 illi
291 1508 381 1547 spes
404 1496 529 1534 omnis
550 1495 590 1533 in
612 1495 760 1534 scelere
792 1500 905 1545 atque
927 1494 1087 1546 perfidia
1109 1495 1158 1533 sit
1179 1506 1307 1545 neque
1337 1506 1378 1532 se
1408 1492 1516 1532 aliter

103 1557 229 1592 tutum
256 1558 377 1603 putet,
400 1564 512 1603 quam
535 1552 566 1590 si
597 1551 707 1602 peior
727 1556 842 1601 atque
872 1549 1128 1590 intestabilior
1147 1557 1252 1589 metu
1282 1557 1411 1589 vostro
1432 1548 1517 1587 fue-

104 1608 165 1655 rit,
188 1620 266 1658 quo
283 1609 404 1660 captis
420 1607 605 1647 libertatis
621 1619 750 1646 curam
767 1607 921 1646 miseria
938 1607 1075 1646 eximat
1090 1629 1144 1634 ——
1159 1612 1237 1654 aut,
1255 1606 1287 1645 si
1303 1604 1516 1657 provideri·

104 1665 165 1710 tis,
188 1664 228 1703 in
249 1665 412 1703 vitandis
441 1663 624 1715 periculis
653 1664 774 1713 magis
796 1675 910 1714 quam
940 1663 1163 1702 ulciscendo
1185 1662 1406 1701 teneamini.
1457 1673 1515 1700 sa·
1540 1668 1558 1700 2

105 1720 244 1759 tellites
265 1721 419 1771 quidem
441 1721 537 1765 eius,
558 1720 737 1758 homines
758 1720 924 1758 maxumi
946 1719 1115 1758 nominis
1137 1719 1306 1769 optumis
1326 1718 1516 1756 maiorum

107 1776 304 1828 exemplis,
328 1789 479 1828 nequeo
501 1776 593 1815 satis
614 1775 757 1822 mirari‚
781 1775 847 1825 qui
869 1775 1142 1814 dominationis
1172 1775 1212 1813 in
1233 1787 1299 1813 vos
1320 1773 1516 1813 servitium

105 1845 218 1871 suum
248 1834 465 1872 mercedem
497 1832 588 1870 dant
618 1837 655 1869 et
686 1838 893 1881 utrumque
924 1844 993 1883 per
1014 1831 1194 1870 iniuriam
1226 1830 1374 1870 malunt
1403 1840 1517 1879 quam

106 1894 265 1940 optumo
287 1889 371 1927 iure
391 1888 502 1927 liberi
523 1899 647 1937 agere,
675 1887 870 1938 praeclara
891 1887 1099 1926 Brutorum
1129 1892 1244 1937 atque
1267 1886 1516 1926 Aemiliorum
1540 1893 1559 1924 3

106 1951 144 1983 et
158 1945 399 1984 Lutatiorum
417 1944 559 1996 proles,
582 1943 700 1994 geniti
717 1944 762 1982 ad
785 1956 840 1990 ea,
863 1956 960 1994 quae
977 1944 1141 1982 maiores
1159 1944 1298 1982 virtute
1314 1954 1515 1994 peperere,

108 2001 382 2040 subvortunda.
425 2012 511 2040 nam
534 1999 627 2050 quid
648 2011 667 2038 a
688 1999 836 2051 Pyrrho
858 1999 1074 2039 Hannibale
1095 1999 1357 2051 Philippoque
1379 2004 1416 2037 et
1436 1999 1515 2037 An·
1540 2006 1558 2037 4

107 2057 236 2096 tiocbo
268 2057 469 2096 defensum
500 2062 557 2095 est
586 2055 687 2094 aliud
709 2068 823 2106 quam
854 2056 1010 2095 libertas
1041 2061 1078 2094 et
1099 2068 1190 2095 suae
1220 2056 1361 2107 cuique
1392 2055 1516 2100 sedes,

108 2125 185 2152 neu
208 2114 268 2152 cui
300 2113 374 2152 nisi
405 2111 556 2163 legibus
585 2111 840 2163 pareremus?
872 2125 969 2164 quae
992 2119 1130 2152 cuneta
1161 2124 1317 2152 scaevus
1348 2112 1419 2150 iste
1440 2110 1517 2149 Ro·
1541 2119 1559 2150 5

106 2169 236 2208 mulus
268 2169 376 2220 quasi
407 2169 451 2208 ab
474 2168 641 2207 externis
669 2174 778 2219 rapta
807 2174 925 2216 tenet,
956 2181 1035 2207 non
1056 2174 1113 2207 tot
1143 2169 1382 2208 exercituum
1413 2167 1519 2206 clade

107 2238 236 2277 neque
258 2225 461 2265 consulum
484 2231 521 2263 et
540 2224 702 2264 aliorum
724 2225 967 2276 principum,
1000 2237 1097 2276 quos
1118 2225 1274 2264 fortuna
1301 2224 1393 2263 belli
1423 2235 1518 2262 con-

199 2334 222 2367 C
249 2361 255 2367 .
283 2334 416 2367 CRISPI
438 2361 444 2368 .
468 2333 670 2380 SALLVSJI
695 2361 703 2369 .
734 2334 974 2368 ORATIONES
999 2362 1005 2368 .
1025 2334 1250 2367 EXCERPTE
1275 2334 1327 2367 DE
1352 2332 1495 2366 BELLIS
1511 2359 1518 2366 .

108 2379 301 2412 EXPLICIT
326 2406 332 2412 .
358 2379 575 2412 FELICITER
593 2406 598 2412 .
616 2382 638 2415 C
659 2408 665 2413 .
693 2380 826 2413 CRISPI
852 2407 858 2413 .
885 2379 1089 2412 SALLVSTI
1116 2406 1122 2412 .
1147 2378 1389 2413 ORATIONES
1416 2406 1423 2411 .
1446 2377 1519 2410 EX·

111 2423 275 2457 CERPTE
292 2424 346 2456 DE
363 2423 569 2457 HISTORIIS
589 2451 594 2457 .
612 2425 765 2458 INCIPIT
786 2452 791 2457 .
809 2424 1026 2458 FELICITER
1044 2424 1200 2458 ORATIO
1219 2424 1352 2457 LEPIDI
1371 2451 1377 2457 .
1397 2422 1517 2456 CONS.

109 2471 299 2514 Anffifi
317 2481 369 2514 V:
403 2481 442 2512 de
474 2480 597 2512 ordine
628 2484 828 2514 orationum
868 2485 899 2513 et
931 2481 1158 2523 epistularum
1194 2492 1223 2513 v.
1255 2480 1434 2523 praefatio
1462 2478 1473 2523 ll
1498 2480 1517 2512 8

109 2525 256 2559 uitandis
279 2526 410 2559 Franc.
436 2525 630 2567 Asulanus,
663 2527 811 2559 tutandis
835 2526 872 2558 V
882 2526 894 2569 ll
918 2528 954 2559 16
980 2535 1120 2558 seaeuus
1146 2526 1188 2568 V,
1221 2529 1336 2557 tuetur
1361 2524 1456 2557 Serv.
1481 2526 1518 2555 in

112 2571 217 2612 Verg.
245 2571 317 2604 EcI.
334 2570 367 2613 3,
388 2571 428 2604 13
453 2581 649 2612 conparans
674 2571 762 2603 illud
784 2567 791 2578 ‘
805 2581 966 2614 perverse
992 2567 1180 2612 Menalca',
1206 2580 1325 2603 saeuus
1351 2569 1462 2602 Aldus
