1709 2885
127 106 188 129 vui
477 94 716 128 PRAEFATIO
743 94 949 128 EDlTlONlS
975 94 1213 128 SECUNDAE.

127 197 305 238 Parisino
340 198 463 247 1576)
495 201 561 248 qui
590 200 771 237 centuriis
796 204 1010 248 praeerant,
1048 197 1087 236 in
1119 196 1377 237 deterioribus
1408 197 1551 248 (itaque

128 255 168 293 in
200 254 427 302 Nazariano)
459 256 525 305 qui
553 262 585 293 et
615 257 804 294 centuriae
829 261 1046 304 praeerant,
1078 266 1096 292 a
1120 253 1262 305 quibus
1284 266 1364 293 non
1385 253 1550 292 multum

127 310 273 350 recedit
304 310 464 349 alterius
494 310 659 349 familiae
681 310 852 361 optimus
874 309 934 348 his
954 312 1020 361 qui
1037 310 1320 350 centurionibus
1336 317 1552 361 praeerant,

130 367 300 417 denique
332 378 420 404 cum
452 366 491 404 in
524 366 671 417 aliquot
712 365 822 404 libris
853 365 968 417 primi
1001 367 1155 417 generis
1186 372 1251 405 aut
1281 366 1404 418 prima
1434 378 1552 405 manu

129 426 187 471 (ut
217 423 256 461 iu
289 421 465 461 Parisino
501 423 623 469 1576)
654 429 720 460 aut
750 422 920 460 secunda
954 423 1140 473 scriptum
1173 422 1222 461 sit
1261 425 1326 474 qui
1363 425 1556 461 ascensuri

129 486 251 528 erant,
283 478 329 517 ab
361 479 422 517 liis
454 478 636 517 omnibus
668 477 902 516 lectionibus
932 478 1164 530 archetypus
1196 478 1259 517 ille
1290 478 1337 517 de
1369 490 1446 530 quo
1473 478 1554 529 agi-

130 542 194 574 tur
225 534 375 574 diversa
406 534 540 574 hahuit
571 534 665 573 baec
695 542 729 573 ec
759 537 825 585 qui
842 538 1075 574 centuriones
1101 543 1219 583 erant,
1252 547 1372 585 eaque
1404 535 1443 573 in
1465 534 1554 574 Lei-

131 591 242 630 densi
290 590 455 629 fideliter
501 603 702 642 expressa,
749 590 789 629 in
836 590 1017 630 Vaticano
1063 592 1296 631 correctoris
1343 603 1458 630 manu
1504 591 1556 629 ita

132 652 276 686 mutata
308 652 399 686 sunt
440 653 482 685 ut
521 647 559 685 in
602 646 863 686 deterioribus
894 646 1184 699 Nazarianoque
1216 654 1346 686 extare
1377 647 1554 687 indicavi.

132 705 171 743 in
205 708 309 742 tanta
341 703 559 754 scripturae
591 703 829 754 optimorum
860 703 1049 742 librorum
1081 704 1340 755 discrepantia
1372 702 1463 741 olim
1484 702 1556 741 Pa-

132 760 244 799 risini
270 760 344 798 mei
376 759 637 811 patrocinium
664 759 846 798 audacter
861 760 1018 810 suscepi
1040 760 1198 799 abiectis
1220 760 1358 799 ceteris
1379 758 1557 798 lectioni—

133 817 229 864 bus,
276 816 424 867 quippe
465 827 564 866 quae
604 816 918 855 coniecturarum
958 817 1095 867 partim
1143 816 1257 868 plane
1302 815 1558 856 absurdarum

134 873 274 925 partim
307 884 387 910 non
419 872 536 910 nimis
565 871 826 923 probabilium
850 873 971 911 instar
1003 879 1143 912 essent.
1205 885 1246 911 ac
1272 885 1319 911 nc
1342 884 1449 911 nunc
1472 871 1558 922 qui-

135 930 222 968 dem
255 940 390 968 eorum
422 941 521 978 quae
551 933 634 967 tum
665 928 855 979 disputavi
880 941 1042 979 prorsus
1064 941 1125 967 me
1157 929 1341 980 paenitet.
1402 935 1439 966 at
1468 939 1558 965 vero

136 986 228 1024 dum
260 985 305 1023 de.
336 984 484 1035 aliquot
506 984 678 1024 Sallustii
709 985 805 1023 locis
836 985 952 1036 paulo
975 984 1288 1036 impeditioribus
1320 997 1408 1023 cum
1441 983 1561 1022 disci-

135 1042 241 1093 pulis
272 1040 490 1091 colloquor,
523 1041 596 1079 suit
627 1041 693 1092 qui
726 1041 841 1079 istum
883 1041 1119 1092 optimorum
1152 1041 1307 1081 testium
1341 1041 1561 1079 dissensum

136 1098 278 1137 debere
319 1096 365 1136 ab
404 1097 565 1148 antiquo
607 1098 838 1148 glossemate
877 1097 1001 1148 repeti
1053 1110 1132 1136 non
1173 1098 1302 1149 inepte
1351 1096 1561 1136 coniceret.

136 1155 268 1205 itaque
299 1154 473 1204 quamvis
504 1159 592 1204 apte
623 1153 672 1192 sit
702 1167 721 1192 a
745 1153 940 1192 Ludovico
963 1153 1148 1192 Carrione
1181 1154 1274 1192 illud
1296 1156 1361 1204 qui
1379 1154 1566 1192 escensuri

137 1219 245 1250 erant
292 1210 578 1260 excogitatum,
628 1215 756 1248 tamen
798 1210 828 1248 si
876 1210 937 1248 illa
984 1222 1081 1260 quae
1120 1209 1234 1260 primi
1276 1209 1431 1259 generis
1474 1208 1565 1247 libri

138 1273 228 1319 post
256 1266 488 1306 vocabulum
520 1279 557 1317 q.
590 1280 623 1305 e.
654 1266 714 1304 illi
743 1266 922 1305 inserunt
963 1266 1189 1313 rescideris,
1231 1265 1463 1305 sententiam
1503 1276 1565 1304 re-

141 1323 316 1363 stitueris
347 1335 420 1361 nec
449 1334 627 1361 mancam
659 1334 732 1361 nec
772 1321 907 1360 exilem
949 1322 1050 1360 hanc
1089 1330 1250 1362 ceterum
1290 1321 1349 1361 ille·
1374 1322 1568 1374 praedocti

139 1380 184 1419 ab
216 1381 305 1419 (luce
336 1391 368 1418 e.
402 1391 439 1429 q.
472 1391 523 1416 ss.
556 1391 630 1429 qua
671 1378 717 1418 de
749 1390 791 1417 re
828 1390 934 1417 nunc
966 1378 1122 1429 quidem
1161 1377 1340 1429 pluribus
1379 1389 1565 1429 quaerere

139 1436 264 1475 mitto.
316 1435 397 1481 sed,
430 1440 471 1473 ut
501 1434 655 1473 redeam
687 1434 790 1473 unde
812 1434 1010 1484 digressus
1032 1446 1132 1483 sum,
1164 1435 1203 1473 iu
1227 1434 1366 1473 ceteris
1386 1433 1503 1473 rebus
1534 1434 1566 1473 is

141 1499 199 1532 est
230 1491 366 1543 optimi
397 1491 514 1530 huius
546 1491 744 1541 archetypi
777 1502 865 1529 cum
898 1491 1059 1541 reliquis
1091 1503 1312 1529 consensus
1344 1496 1386 1529 ut
1406 1502 1496 1542 spes
1518 1491 1568 1529 sit

142 1550 225 1588 sore
257 1554 300 1587 ut
337 1547 462 1586 tiibus
503 1553 734 1609 quattuorve
774 1547 857 1585 aliis
897 1547 1068 1586 eiusdem
1099 1546 1263 1585 suniliae
1294 1546 1404 1586 libris
1435 1546 1567 1586 eadem

141 1604 340 1656 diligentia
384 1603 557 1643 excussis
595 1603 921 1655 paucissimisque
961 1603 1091 1642 ascitis
1131 1616 1151 1641 e
1183 1615 1326 1654 genere
1357 1603 1479 1642 altero
1512 1603 1568 1642 iu-

144 1674 239 1713 gens
271 1667 490 1700 ceterorum
529 1659 719 1698 libroiuin
761 1659 903 1698 cohors
934 1659 1055 1710 possit
1092 1672 1231 1699 secure
1262 1659 1381 1722 abici,
1421 1660 1569 1711 quippe

144 1729 313 1769 quorum
346 1728 499 1755 errores
529 1717 576 1755 ad
608 1715 882 1755 stabiliendum
904 1721 1051 1755 textum
1077 1728 1179 1764 eum,
1212 1716 1277 1767 qui
1310 1716 1389 1755 sere
1422 1716 1570 1755 ultimis

143 1773 309 1813 Romani
340 1773 495 1824 imperii
527 1772 773 1824 temporibus
804 1771 918 1823 vulgo
942 1772 1302 1819 circumferebatur,
1335 1772 1449 1824 plane
1472 1772 1571 1811 nihil

145 1830 379 1870 contribuat.
440 1829 538 1868 scito
570 1829 690 1880 igitur
719 1829 826 1867 hunc
858 1841 1016 1880 quoque
1046 1828 1187 1867 librum
1210 1829 1322 1868 cuius
1348 1829 1571 1880 apographa

146 1892 276 1926 extant
299 1886 526 1924 Vaticanum
558 1891 595 1924 et
626 1885 816 1924 Leidense
846 1897 907 1924 me
939 1897 1144 1924 numerare
1176 1885 1279 1924 inter
1309 1885 1429 1924 libros
1461 1885 1572 1924 sami-

145 1943 220 1983 liae
253 1942 284 1982 C
313 1954 482 1992 eumque
513 1953 629 1993 quam
661 1941 837 1993 proxime
868 1941 1002 1980 abesse
1034 1954 1053 1980 a
1084 1940 1261 1980 Parisino
1294 1953 1394 1980 meo.
1454 1941 1572 1981 verbo

145 2006 300 2050 tangam
333 1998 506 2037 codicem
527 1997 862 2045 Rostochiensem‚
895 1998 961 2048 qui
994 1996 1140 2037 Octavii
1173 1998 1347 2037 Clasonis
1373 1997 1573 2048 diligentia

148 2056 334 2103 innotuit,
366 2067 451 2094 esse
484 2067 503 2094 e
526 2066 668 2106 genere
691 2053 926 2093 deteriorum
959 2066 1129 2105 eumque
1155 2055 1214 2093 vix
1247 2053 1455 2105 quicquam
1478 2065 1574 2094 con·

147 2113 274 2152 tinere
314 2111 418 2162 quod
458 2111 645 2150 memoria
685 2110 846 2160 dignum
886 2110 934 2149 sit
969 2117 1124 2161 praeter
1161 2111 1326 2162 glossam
1360 2109 1462 2149 illam
1492 2123 1574 2150 ma-

149 2168 289 2220 gistelli
321 2167 486 2207 alicuius
516 2167 650 2206 aetatis
681 2166 852 2213 mediae,
894 2178 1007 2218 quam
1040 2168 1131 2217 quia
1162 2168 1222 2207 sui
1254 2166 1398 2206 similes
1428 2166 1576 2218 aliquot

149 2225 243 2264 alias
272 2224 431 2271 habeat,
468 2236 566 2275 quae
604 2224 735 2263 sintne
765 2223 935 2262 Sallustii
969 2235 1017 2261 an
1050 2223 1217 2263 insiticia
1257 2222 1424 2262 dubitari
1463 2222 1575 2272 solet,

151 2281 341 2332 adscripsi
372 2281 418 2320 ad
451 2278 529 2320 Cat.
562 2293 595 2318 c.
620 2281 686 2325 58,
709 2279 746 2319 9.

265 2337 492 2376 Vaticanum
523 2336 665 2375 librum
697 2336 805 2377 3864
837 2335 1115 2375 contenderam
1157 2335 1328 2387 pendere
1358 2335 1404 2374 ab
1439 2335 1576 2375 arche-

153 2400 245 2445 typo
277 2394 369 2433 satis
399 2393 582 2442 antiquo,
616 2393 732 2431 immo
764 2393 927 2431 fortasse
959 2404 1004 2431 eo
1036 2392 1157 2440 libro,
1197 2405 1217 2431 e
1256 2403 1334 2443 quo
1373 2391 1515 2431 familia
1547 2391 1580 2431 C

154 2450 368 2498 descendit,
389 2450 505 2499 longe
525 2449 760 2501 antiquiore,
791 2448 858 2487 sed
880 2448 1119 2499 grammatici
1139 2448 1317 2496 alicuius,
1351 2448 1417 2500 qui
1443 2460 1576 2488 emen-

155 2506 300 2545 daverit
331 2512 374 2546 ut
403 2506 590 2557 potuerit,
621 2517 739 2557 opera
770 2504 1023 2545 audacissima
1055 2505 1105 2544 ita
1135 2510 1334 2551 correcto,
1373 2510 1416 2543 ut
1454 2504 1521 2544 ubi
1557 2517 1579 2544 a

157 2567 377 2602 ceterorum
417 2562 593 2602 omnium
640 2561 826 2601 memoria
865 2561 972 2601 solus
1012 2561 1207 2613 discrepet
1245 2574 1325 2600 non
1366 2561 1492 2600 solum
1532 2561 1578 2601 de
