1709 2885
160 95 212 135 60
659 99 692 133 C.
711 98 915 132 SALLUSTI
940 98 1074 133 GRISPI

159 206 230 248 rat,
252 202 363 241 cuius
384 201 613 252 inpudentia
634 208 768 242 contra
791 201 851 240 ius
872 206 910 240 et
929 201 1091 241 iniurias
1112 203 1239 242 omnis
1260 203 1434 244 munitus
1464 204 1575 244 soret.

116 264 135 296 3
158 264 197 297 at
217 256 257 296 C.
278 257 484 296 Memmius
504 257 682 297 advocata
704 258 900 303 contione,
922 270 1153 310 quamquam
1174 259 1258 310 regi
1279 260 1415 300 infesta
1441 260 1576 313 plebes

160 321 242 353 erat
262 319 300 353 et
319 326 410 365 pars
430 315 470 353 in
493 315 646 353 vincula
667 314 754 353 duci
778 314 946 362 iubebat,
967 327 1070 367 pars,
1093 315 1167 354 nisi
1191 315 1317 355 socios
1339 316 1496 356 sceleris
1514 317 1574 356 sui

157 370 340 421 aperitet,
362 383 470 410 more
485 371 676 410 maiorum
692 371 738 410 de
754 371 865 409 hoste
881 371 1118 423 supplicium
1135 372 1250 419 sumi,
1267 372 1442 423 dignitati
1458 384 1574 424 quam

158 427 237 465 irae
257 427 379 478 magis
401 427 611 466 consulens
631 427 768 466 sedare
788 433 918 466 motus
939 433 977 467 et
991 428 1141 467 animos
1163 440 1298 467 eorum
1320 428 1482 476 mollire,
1504 441 1575 481 po-

157 488 301 521 stremo
338 484 588 532 confirmare,
623 484 735 522 fidem
771 483 962 534 publicam
1001 496 1070 535 per
1103 496 1188 523 sese
1226 485 1442 525 inviolatam
1479 486 1575 525 sore.

114 544 134 575 4
157 545 260 590 post,
281 540 346 577 ubi
368 539 566 578 silentium
588 539 729 591 coepit,
751 539 942 590 producto
962 540 1148 591 Iugurtha
1168 541 1282 580 verba
1307 542 1410 589 facit,
1430 541 1576 581 Romae

156 594 439 646 Numidiaeque
459 596 630 635 facinora
652 596 736 635 eius
756 603 954 643 memorat,
973 597 1118 635 seelera
1138 597 1174 635 in
1195 604 1340 648 patrem
1359 598 1575 650 fratresque

157 652 337 690 ostendit.
380 652 522 703 quibus
544 651 764 691 iuvantibus
785 652 1009 704 quibusque
1029 653 1218 692 ministris
1239 665 1279 692 ea
1303 654 1424 704 egerit
1439 666 1574 705 quam-

156 719 271 758 quam
293 708 492 759 intellegat
511 709 684 760 populus
705 708 923 754 Romanus,
950 716 1077 749 tamen
1100 709 1193 748 velle
1222 710 1425 748 manifesta
1454 710 1576 762 magis

157 776 202 802 ex
221 764 288 803 illo
309 764 465 803 habere.
506 766 537 803 si
559 777 692 803 verum
714 765 870 816 aperiat,
892 766 929 803 in
954 766 1028 805 tide
1052 771 1089 804 et
1110 766 1312 805 clementia
1337 766 1474 818 populi
1497 766 1574 805 Ro—

154 821 259 860 mani
280 833 459 872 magnam
482 834 591 873 spem
612 821 665 860 illi
688 822 811 867 sitam,
833 822 893 860 sin
915 823 1084 868 reticeat,
1115 834 1194 861 non
1217 822 1333 861 sociis
1354 822 1467 861 saluti
1492 823 1575 861 sore

79 876 132 913 34
155 877 221 916 sed
256 890 297 916 se
333 889 501 928 suasque
537 890 626 928 spes
662 884 960 929 conrupturum.
1003 878 1141 917 deinde
1177 878 1241 917 ubi
1279 879 1483 917 Memmius
1517 878 1576 917 di-

155 934 272 972 cundi
303 934 419 972 finem
449 934 542 972 fecit
562 940 599 972 et
619 934 805 984 Iugurtha
828 935 1064 986 respondere
1086 934 1215 973 iussus
1245 942 1323 982 est,
1348 935 1387 973 C.
1410 935 1575 974 Baebius

154 989 336 1029 tribunus
356 990 481 1041 plebis
502 1003 616 1041 quem
639 991 804 1042 pecunia
827 998 1061 1042 conruptum
1084 1004 1200 1042 supra
1228 991 1417 1039 diximus,
1442 1002 1574 1042 regem

153 1052 281 1086 tacere
302 1047 432 1092 iubet,
458 1059 502 1085 ac
522 1047 671 1086 tametsi
694 1047 914 1091 multitudo,
938 1060 1035 1097 quae
1059 1047 1097 1085 in
1120 1047 1304 1086 contione
1329 1048 1481 1094 aderat,
1512 1059 1576 1086 ve-

155 1102 360 1142 hementer
379 1115 541 1142 accensa
563 1104 731 1143 terrebat
754 1116 842 1142 eum
865 1104 1032 1142 clamore
1065 1103 1179 1147 voltu,
1210 1115 1325 1154 saepe
1355 1104 1490 1155 inpetu
1520 1109 1575 1142 at—

111 1164 131 1196 2
155 1172 231 1210 que
252 1159 336 1198 aliis
358 1159 540 1198 omnibus
560 1172 658 1210 quae
680 1160 734 1198 ira
756 1161 837 1198 fieri
861 1167 973 1206 amat,
992 1159 1083 1197 vicit
1098 1165 1225 1197 tamen
1245 1160 1486 1210 inpudentia.
1527 1160 1577 1198 ita

155 1216 326 1267 populus
346 1215 515 1254 ludibrio
539 1216 692 1254 habitus
713 1229 759 1255 ex
781 1217 964 1254 contione
986 1215 1159 1262 discedit,
1182 1215 1391 1265 Iugurthae
1407 1216 1576 1255 Bestiae-

155 1284 230 1323 que
252 1279 288 1311 et
309 1272 470 1317 ceteris,
493 1284 592 1323 quos
614 1272 675 1310 illa
693 1273 872 1322 quaestio
895 1271 1126 1322 exagitabat,
1149 1272 1267 1310 animi
1289 1277 1515 1323 augescunt.

78 1329 128 1366 35
268 1328 360 1366 Erat
381 1340 422 1366 ea
444 1334 669 1379 tempestate
690 1327 834 1367 Romae
856 1328 1019 1367 Numida
1041 1328 1196 1379 quidam
1219 1328 1377 1367 nomine
1402 1328 1575 1374 Massiva,

155 1384 344 1424 Gulussae
365 1384 468 1422 filius
488 1385 715 1423 Masinissae
736 1398 880 1436 nepos,
903 1386 969 1435 qui
993 1385 1082 1435 quia
1103 1385 1144 1423 in
1167 1385 1411 1424 dissensione
1441 1397 1577 1436 regum

153 1441 364 1491 Iugurthae
392 1441 578 1479 advorsus
608 1442 752 1488 suerat,
782 1441 907 1479 dedita
937 1440 1038 1480 Cirta
1070 1447 1108 1480 et
1127 1440 1344 1480 Adherbale
1372 1442 1576 1481 interfecto

112 1503 131 1534 2
154 1498 348 1549 profugus
370 1509 414 1535 ex
435 1498 556 1548 patria
578 1497 735 1536 abierat.
777 1498 867 1536 hnic
884 1498 950 1548 Sp.
972 1497 1147 1544 Albinus,
1171 1498 1237 1548 qui
1259 1509 1450 1549 proxumo
1471 1509 1575 1536 anno

155 1559 245 1605 post
264 1553 431 1592 Bestiam
463 1565 550 1591 cum
572 1552 617 1598 Q.
640 1553 810 1592 Minucio
833 1553 933 1591 Rufo
956 1553 1201 1592 consulatum
1222 1553 1391 1604 gerebat,
1413 1565 1575 1605 persua-

153 1610 235 1656 det,
268 1609 452 1659 quomam
483 1621 528 1648 ex
557 1609 679 1660 stirpe
709 1609 933 1648 Masinissae
955 1609 1003 1647 sit
1024 1609 1329 1660 Iugurthamque
1351 1609 1399 1649 ob
1429 1609 1575 1649 scelera

153 1666 293 1705 invidia
326 1678 413 1704 eum
444 1671 548 1704 metu
581 1672 735 1716 urgeat,
766 1677 931 1715 regnum
967 1666 1167 1704 Numidiae
1203 1665 1249 1705 ab
1285 1672 1422 1705 senatu
1457 1673 1575 1717 petat..

109 1727 128 1760 3
153 1723 285 1762 avidus
307 1722 444 1760 consul
461 1721 551 1760 belli
574 1722 738 1771 gerundi
760 1734 914 1762 movere
935 1734 1049 1772 quam
1073 1734 1277 1761 senescere
1299 1723 1426 1760 omnia
1457 1722 1577 1762 male-

109 1785 129 1816 4
151 1779 228 1818 bat.
282 1779 355 1829 ipsi
377 1777 577 1829 provincia
597 1777 778 1817 Numidia
800 1778 971 1817 Minucio
992 1778 1214 1817 Macedonia
1245 1784 1435 1818 evenerat.
1478 1790 1576 1829 quae

152 1842 359 1888 postquam
381 1834 542 1873 Massiva
563 1834 708 1884 agitare
730 1835 858 1885 coepit
879 1846 1006 1885 neque
1027 1834 1239 1885 Iugurthae
1260 1835 1298 1872 in
1320 1835 1452 1874 amicis
1482 1834 1574 1874 satis

151 1891 320 1943 praesidi
353 1896 429 1937 est,
460 1890 565 1941 quod
595 1903 732 1929 eorum
762 1891 878 1930 alium
903 1891 1139 1929 conscientia
1161 1890 1277 1929 alium
1300 1891 1396 1929 mala
1418 1892 1517 1930 fama
1539 1896 1577 1930 et

149 1949 268 1988 timor
289 1947 523 1998 inpediebat,
545 1946 750 1985 Bomilcari
773 1959 965 1998 proxumo
987 1959 1030 1985 ac
1051 1959 1228 1985 maxume
1249 1947 1326 1985 fido
1348 1946 1420 1986 sibi
1451 1949 1576 1999 impe—

151 2009 222 2053 rat,
244 2004 391 2055 preti0,
413 2003 526 2041 sicuti
548 2003 666 2042 multa
689 2006 930 2050 confecerat,
963 2003 1208 2042 insidiatores
1238 2002 1422 2042 Massivae
1452 2009 1574 2054 paret,

151 2073 196 2101 ac
223 2071 402 2099 maxume
431 2059 595 2106 occulte,
626 2059 686 2098 sin
709 2059 745 2097 id
768 2072 903 2110 parum
926 2059 1123 2111 procedat,
1145 2060 1281 2110 quovis
1303 2059 1417 2097 modo
1439 2059 1575 2099 Numi-

107 2121 126 2152 5
152 2117 237 2156 dam
259 2115 476 2154 interficiat.
517 2115 708 2154 Bomilcar
730 2123 879 2155 mature
901 2116 1003 2167 regis
1025 2116 1201 2154 mandata
1223 2115 1427 2166 exequitur
1449 2122 1485 2154 et
1503 2127 1575 2166 per

150 2173 330 2213 homines
351 2171 436 2210 talis
457 2172 588 2222 negoti
611 2173 776 2211 artifices
797 2172 934 2211 itinera
958 2184 1217 2223 egressusque
1240 2172 1345 2219 eius,
1375 2177 1573 2222 postremo

246 2307 260 2339 1
286 2304 494 2348 impudentia
519 2315 564 2336 σω
588 2304 784 2347 inpudicitia
802 2306 832 2337 Ρ
844 2305 856 2346 ll
876 2306 894 2337 2
921 2315 1124 2348 quamquam
1150 2309 1208 2345 (exc
1228 2305 1443 2346 quemquam)
1462 2303 1507 2335 rei
1525 2302 1576 2348 ΡΙΙ

151 2354 170 2386 3
196 2351 336 2384 lubebat
357 2361 393 2392 p,
419 2349 565 2382 debebat.
582 2349 638 2394 ΡΗ
655 2350 719 2382 nisi
738 2350 802 2390 PC,
828 2349 860 2382 ni
881 2349 932 2392 CI!
953 2352 971 2382 8
998 2354 1128 2393 patrem
1147 2349 1332 2391 fratresque
1351 2348 1412 2389 PC,
1438 2348 1574 2382 fratrem

150 2400 331 2440 patresque
350 2395 377 2427 C
392 2394 404 2438 ll
420 2396 440 2428 9
459 2405 662 2438 quamquam
682 2406 720 2437 p,
744 2404 913 2437 quemque
930 2396 982 2436 ΡΠ
1008 2398 1016 2427 1
1032 2399 1042 2428 l
1063 2394 1191 2438 aperiat
1208 2392 1270 2434 PC,
1295 2393 1440 2435 aperiret
1459 2393 1511 2436 Css
1533 2395 1573 2427 12

149 2442 250 2475 saluti
277 2451 321 2473 εει)
345 2439 456 2473 salute
481 2441 511 2473 P
525 2439 537 2483 ΙΙ
558 2442 596 2473 ts
619 2435 797 2473 ‘Sallusti’
825 2450 895 2471 esse
919 2440 1042 2482 uulgus
1067 2443 1157 2473 amat.
1181 2437 1252 2471 fieri
1278 2440 1371 2469 testis
1398 2438 1516 2478 Quint.
1539 2439 1573 2480 9,

149 2487 182 2528 3,
205 2487 242 2519 17
261 2485 333 2529 1124
358 2485 465 2528 patria
483 2486 518 2520 P,
544 2485 647 2518 africa
667 2484 780 2528 01126
805 2485 933 2528 extirpe
956 2486 985 2517 P
1000 2485 1011 2527 l!
1028 2487 1067 2518 31
1096 2483 1249 2527 praesidii
1271 2482 1290 2515 ὅ
1315 2494 1360 2514 ιιι·
1385 2483 1572 2525 praesidiae

150 2532 180 2564 P
195 2531 206 2574 ΙΙ
222 2530 322 2564 alium
349 2529 443 2562 *ala*
471 2530 614 2569 (lineola
637 2542 662 2562 s.
686 2541 708 2563 u
730 2531 767 2572 p)
792 2529 848 2572 ΡΙΙ
866 2532 906 2564 32
933 2529 1001 2562 fido
1023 2529 1086 2562 sibi
1103 2528 1259 2571 imperat]
1286 2527 1328 2560 do
1347 2527 1410 2559 sibi
1429 2528 1571 2572 imperat

150 2579 188 2608 z‘n
213 2587 340 2608 rasura
368 2574 480 2619 Ρ1136
506 2583 729 2618 egressusque
752 2585 787 2616 p,
813 2575 1026 2617 egressisque
1051 2576 1081 2607 P

1607 715 1645 748 to

1610 996 1646 1028 15

1606 1275 1647 1310 20

1603 1558 1644 1591 25

1604 1839 1645 1872 30

1602 2119 1676 2152 35·
