1709 2885
183 97 237 138 92
690 101 724 135 G.
743 100 947 135 SALLUSTI
972 100 1107 135 GRISPI

184 216 261 256 que
281 205 411 244 valens
434 204 593 245 nomine
615 203 756 256 Capsa,
779 205 891 244 cuius
913 203 1091 244 conditor
1112 203 1299 244 Hercules
1315 204 1432 256 Libys
1451 216 1599 245 memo-

182 261 351 301 rabatur.
393 261 478 300 eius
499 261 600 301 cives
621 261 723 313 apud
745 260 971 312 Iugurtham
992 261 1195 309 inmunes,
1217 260 1289 300 levi
1310 260 1475 313 imperio
1497 267 1534 301 et
1550 261 1599 301 ob

160 329 226 362 ,ea
246 316 472 357 fidelissumi
493 317 756 364 habebantur,
785 317 926 357 muniti
955 317 1160 357 advorsum
1188 317 1310 357 hostis
1339 329 1419 357 non
1449 317 1599 358 moeni-

182 374 255 413 bus
275 374 391 414 modo
413 379 451 413 et
470 374 586 413 armis
615 379 731 425 atque
760 373 872 422 viris,
903 385 1036 413 verum
1066 374 1178 413 etiam
1207 373 1329 412 multo
1351 373 1473 424 magis
1491 373 1598 413 loco-

138 439 157 471 5
182 442 270 470 rum
290 430 509 482 asperitate.
561 442 647 470 nam
671 435 824 481 praeter
845 430 989 482 oppido
1011 431 1233 482 propinqua
1254 430 1325 469 alia
1346 430 1476 469 omnia
1497 435 1599 469 vasta

180 486 338 535 inculta,
355 486 506 538 egentia
525 498 661 538 aquae,
684 487 822 525 infesta
843 486 1104 538 serpentibus,
1121 498 1284 538 quarum
1307 486 1361 525 vis
1381 485 1495 526 sicuti
1517 498 1599 526 om·
1666 522 1668 527 .

181 542 289 582 nium
310 544 480 582 serarum
501 542 632 594 inopia
655 543 729 582 cibi
751 543 888 582 acrior.
929 543 974 582 ad
1003 543 1077 582 hoc
1099 548 1235 582 natura
1255 542 1497 594 serpentium
1518 543 1600 593 ipsa

137 606 156 639 6
181 599 399 651 perniciosa
419 599 481 638 siti
503 600 624 649 magis
645 611 762 650 quam
778 598 849 639 alia
871 612 912 638 re
933 599 1171 638 accenditur.
1214 598 1297 638 eius
1318 598 1498 651 potiundi
1520 598 1598 638 Ma-

180 655 282 695 rium
317 667 494 694 maxuma
525 655 668 706 cupido
704 656 914 704 invaserat,
937 668 1025 695 eum
1058 661 1221 708 propter
1256 667 1370 694 usum
1404 655 1496 695 belli
1517 660 1598 694 tum

181 712 270 763 quia
292 723 354 752 res
389 724 526 763 aspera
547 711 747 751 videbatur
781 717 817 751 et
845 712 1024 752 Metellus
1059 712 1245 764 oppidum
1282 710 1440 751 Thalam
1461 722 1599 762 magna

180 768 301 819 gloria
323 774 499 820 ceperat,
534 769 635 808 haud
658 768 896 808 dissimiliter
924 769 1042 808 situm
1078 769 1373 819 munitumque,
1396 767 1471 807 nisi
1493 767 1597 818 quod

179 824 281 877 apud
304 824 461 864 Thalam
484 837 564 864 non
594 824 711 876 longe
730 836 750 863 a
785 825 990 864 moenibus
1017 825 1165 876 aliquot
1198 826 1325 863 sontes
1348 829 1479 874 erant,
1502 822 1599 875 Cap-

181 893 317 921 senses
338 893 414 920 una
437 881 552 920 modo
574 887 689 933 atque
711 892 753 920 ea
774 881 875 920 intra
908 881 1094 932 oppidum
1117 881 1196 932 iugi
1219 893 1338 931 aqua,
1361 887 1488 920 cetera
1509 880 1597 932 plu-

134 947 151 978 7
177 938 234 976 via
269 937 500 985 ‘utebantur3
523 937 640 988 idque
662 937 713 977 ibi
752 942 794 976 ut
814 937 854 976 in
877 937 981 976 omni
1014 937 1155 985 Africa,
1192 949 1266 988 qua
1302 936 1440 988 procul
1461 949 1482 976 a
1503 936 1598 976 mari

177 993 364 1033 incultius
385 993 564 1044 agebant,
597 1006 641 1033 eo
664 993 813 1033 facilius
835 993 1085 1041 tolerabatur,
1107 994 1197 1045 quia
1217 993 1405 1033 Numidae
1426 993 1598 1044 plerum·

176 1061 253 1101 que
273 1050 370 1089 lacte
393 1056 430 1089 et
449 1050 574 1090 ferina
607 1062 724 1089 carne
745 1050 1001 1089 vescebantur
1029 1057 1066 1089 et
1088 1062 1215 1100 neque
1237 1050 1354 1089 salem
1378 1062 1506 1100 neque
1527 1048 1598 1088 alia

176 1106 424 1146 inritamenta
461 1107 572 1157 gulae
595 1106 849 1158 quaerebant:
888 1106 997 1145 cibus
1019 1105 1094 1145 illis
1115 1106 1301 1144 advorsus
1321 1106 1461 1144 samem
1483 1112 1598 1157 atque

94 1167 147 1203 90
176 1162 304 1211 sitim,
327 1175 406 1202 non
424 1162 591 1202 lubidini
628 1175 756 1214 neque
787 1162 962 1202 luxuriae
984 1167 1075 1201 erat.
1118 1161 1236 1213 igitur
1257 1161 1395 1201 consul
1417 1162 1598 1200 omnibus

75 1216 82 1221 ”
177 1219 405 1271 exploratis,
442 1220 558 1259 credo
595 1219 652 1258 dis
681 1220 805 1258 fretus
835 1241 889 1247 —-—
915 1231 1003 1258 nam
1037 1223 1172 1257 contra
1199 1223 1323 1258 tantas
1354 1217 1599 1257 difficultates

177 1275 341 1314 consilio
363 1276 455 1314 satis
476 1275 681 1326 providere
703 1288 782 1314 non
806 1281 977 1327 poterat,
999 1274 1145 1326 quippe
1168 1274 1281 1314 etiam
1302 1274 1488 1314 frumenti
1513 1274 1596 1313 ino-

177 1331 239 1382 pia
261 1332 542 1382 temptabatur,
569 1332 658 1383 quia
680 1331 868 1370 Numidae
890 1331 1032 1383 pabulo
1053 1331 1208 1383 pecoris
1228 1330 1351 1382 magis
1372 1342 1488 1382 quam
1508 1343 1598 1370 arvo

175 1387 335 1427 student
355 1393 394 1427 et
415 1388 691 1439 quodcumque
713 1394 846 1427 natum
868 1388 995 1427 suerat
1016 1389 1126 1427 iussu
1151 1386 1254 1438 regis
1283 1387 1323 1427 in
1346 1388 1429 1426 loca
1449 1387 1598 1427 munita

175 1444 437 1491 contulerant,
466 1456 558 1495 ager
587 1450 715 1484 autem
737 1445 867 1483 aridus
898 1451 934 1483 et
953 1445 1111 1496 frugum
1132 1455 1273 1484 vacuos
1294 1456 1338 1483 ea
1359 1449 1598 1496 tempestate,

175 1513 265 1540 nam
286 1501 440 1540 aestatis
462 1506 679 1540 extremum
715 1506 795 1540 erat
818 1523 864 1528 —
892 1507 1018 1540 tamen
1048 1513 1120 1552 pro
1142 1501 1198 1540 rei
1222 1501 1333 1552 copia
1355 1500 1447 1540 satis
1468 1500 1597 1551 provi·

131 1566 149 1597 2
174 1557 311 1596 denter
333 1562 515 1603 exornat,
538 1569 660 1608 pecus
681 1569 819 1602 omne,
842 1557 945 1608 quod
982 1557 1252 1609 superioribus
1273 1556 1410 1596 diebus
1430 1556 1596 1608 praedae
1627 1589 1642 1596 -
1683 1552 1685 1555 ’

172 1614 318 1660 fuerat,
341 1613 537 1664 equitibus
558 1612 768 1652 auxiliariis
788 1613 986 1664 agundum
1003 1613 1200 1660 adtribuit,
1222 1614 1265 1652 A.
1287 1612 1472 1652 Manlium
1492 1612 1596 1664 lega·

172 1675 254 1709 tum
277 1681 365 1708 cum
387 1669 614 1708 cohortibus
635 1668 822 1721 expeditis
844 1669 889 1708 ad
911 1669 1098 1721 oppidum
1130 1669 1251 1716 Laris,
1274 1669 1338 1708 ubi
1360 1669 1597 1721 stipendium
1666 1687 1682 1710 ,-

173 1731 211 1765 et
245 1732 491 1765 conmeatum
522 1725 725 1772 locaverat,
762 1725 818 1764 ire
854 1725 960 1765 iubet
994 1726 1165 1777 dicitque
1200 1737 1242 1764 se
1278 1725 1596 1777 praedabundum
1678 1744 1682 1752 =

129 1791 148 1823 3
174 1787 263 1833 post
299 1793 444 1834 paucos
476 1781 558 1821 dies
593 1782 729 1821 eodem
763 1787 983 1821 venturum.
1024 1782 1080 1820 sic
1115 1782 1273 1833 incepto
1308 1794 1379 1822 suo
1402 1783 1596 1823 occultato

101 1842 149 1879 91
174 1838 301 1890 pergit
320 1838 367 1877 ad
387 1838 533 1878 flumen
555 1838 717 1878 Tanain.
760 1843 934 1877 ceterum
955 1838 994 1877 in
1017 1837 1157 1877 itinere
1184 1838 1324 1878 cotidie
1344 1850 1464 1890 pecus
1486 1851 1594 1878 exer-

174 1894 268 1934 citui
290 1907 360 1946 per
382 1894 577 1934 centurias
598 1895 691 1935 item
723 1900 868 1934 turmas
889 1894 1102 1945 aequaliter
1131 1894 1381 1935 distribuerat
1401 1901 1439 1935 et
1463 1907 1509 1935 ex
1530 1907 1596 1934 co-

173 1950 241 1990 riis
271 1957 379 1990 utres
410 1951 466 1990 uti
496 1952 637 1991 fierent
658 1951 838 1999 curabat,
860 1951 976 1990 simul
1006 1951 1176 2003 inopiam
1208 1950 1395 1991 frumenti
1416 1951 1538 1991 lenire
1559 1957 1598 1991 et

173 2007 319 2058 ignaris
351 2007 534 2046 omnibus
555 2020 706 2059 parare,
737 2019 836 2058 quae
868 2019 956 2047 mox
987 2007 1075 2046 usui
1105 2008 1247 2047 forent.
1288 2007 1457 2058 denique
1487 2013 1594 2048 sexto

128 2072 146 2104 2
172 2063 246 2108 die,
277 2076 367 2103 cum
388 2063 434 2102 ad
454 2063 601 2103 flumen
621 2069 779 2103 ventum
802 2069 870 2109 est,
903 2075 1079 2103 maxuma
1111 2064 1166 2103 vis
1189 2063 1332 2103 utrium
1355 2063 1501 2104 effecta.
1542 2063 1594 2104 ibi

171 2120 308 2159 castris
338 2119 409 2159 levi
440 2121 683 2160 munimento
715 2119 852 2171 positis
883 2119 1025 2160 milites
1063 2119 1194 2160 cibum
1224 2132 1362 2172 capere
1391 2126 1507 2172 atque
1538 2120 1594 2160 uti

170 2175 287 2216 simul
310 2188 397 2215 cum
420 2189 561 2216 occasu
593 2176 686 2216 solis
717 2176 1001 2227 egrederentur
1021 2183 1176 2228 paratos
1207 2188 1292 2215 esse
1322 2175 1441 2216 iubet:
1465 2176 1593 2216 omni·

167 2332 239 2356 rum
256 2321 282 2355 C
297 2320 310 2366 ss
326 2324 344 2355 Ἰ
364 2322 435 2365 ipsa
449 2321 513 2361 PC,
532 2332 596 2355 om.
618 2320 644 2354 C
660 2321 672 2364 ll
692 2323 727 2354 11
745 2324 923 2365 acceperat
940 2323 970 2355 P
984 2321 997 2365 ΙΙ
1019 2324 1056 2355 14
1073 2321 1173 2364 idque
1194 2320 1240 2353 ibi
1258 2322 1294 2353 ut
1306 2322 1453 2363 scripsi:
1471 2320 1503 2353 id
1521 2319 1594 2353 ubi-

262 2279 275 2310 1
305 2287 405 2320 capsa
418 2290 433 2306 *r
453 2276 506 2318 Ρη
526 2275 616 2320 lybis
639 2287 674 2319 p,
699 2274 778 2308 libis
802 2276 855 2320 ΡΙ]
874 2279 894 2311 6
911 2287 996 2320 aque
1017 2287 1054 2319 p,
1072 2280 1173 2319 atque
1191 2277 1221 2308 P
1235 2275 1248 2319 ΙΙ
1264 2285 1402 2318 quarum
1420 2274 1485 2316 PC,
1511 2285 1594 2319 quo·
1655 2311 1658 2315 ,
1677 2250 1691 2278 ’ἶ

167 2376 234 2411 que
251 2370 285 2401 et
299 2366 357 2400 PC
370 2369 475 2409 (nnus
498 2365 624 2410 idque),
648 2365 682 2399 id
709 2366 824 2411 ibique
845 2369 879 2399 et
898 2365 925 2399 C
938 2365 951 2411 ΙΙ
970 2376 1034 2410 qua
1054 2386 1096 2390 —
1114 2365 1259 2408 agebant
1281 2366 1429 2408 scripsi:
1453 2375 1591 2410 quae—
1653 2394 1656 2398 .

167 2411 290 2455 agebat
315 2411 371 2445 ΡΟ
401 2411 562 2455 (agebant
588 2412 614 2445 C
636 2421 745 2453 unus,
775 2412 938 2454 agebatur
961 2412 1006 2452 z),
1039 2409 1330 2455 qua—agebatur
1350 2409 1485 2443 Linlcer
1510 2409 1523 2454 ss
1550 2413 1588 2445 17
1650 2435 1651 2440 ,

167 2457 329 2491 aduersus
353 2456 417 2497 PC,
442 2455 619 2490 aduersum
646 2456 673 2490 C
692 2456 704 2500 ΙΙ
728 2458 766 2489 18
792 2456 1032 2500 libidinineque
1058 2467 1103 2488 ειη
1126 2454 1321 2497 libidine-Q
1347 2454 1403 2499 ΡΗ
1423 2456 1463 2489 19
1487 2454 1590 2489 credo

167 2501 319 2536 diffretus
336 2502 366 2534 P
381 2500 393 2545 ΙΙ
409 2500 651 2535 difficultantes
667 2501 720 2541 ΡΙΙ
740 2503 782 2535 20
809 2501 964 2534 frumenti
983 2512 1027 2534 eoe
1045 2501 1212 2534 frumento
1224 2500 1255 2532 P
1269 2498 1282 2543 Η
1298 2501 1339 2533 22
1358 2500 1432 2534 loca
1451 2511 1496 2533 eoe
1511 2500 1588 2534 loco

167 2548 197 2580 Ρ
210 2546 223 2590 ΙΙ
239 2549 281 2582 26
299 2546 558 2580 aulsunamlium
571 2545 625 2590 ΡΙΙ
644 2548 686 2581 28
704 2546 852 2590 dicitque
877 2558 922 2579 eac
939 2545 1096 2589 dicetque
1113 2545 1167 2590 Pl!
1185 2546 1227 2578 30
1246 2545 1359 2578 tanain
1373 2545 1437 2588 PC,
1463 2545 1587 2581 tanaim

167 2592 222 2624 vel
246 2595 356 2625 tanam
383 2591 493 2635 01132
520 2592 616 2624 simul
641 2592 787 2635 inopiam
813 2592 876 2631 PC,
900 2591 1000 2624 simul
1025 2594 1059 2624 et
1082 2590 1229 2633 inopiam
1259 2589 1286 2623 C
