1709 2885
151 89 205 129 20
651 91 685 125 C.
704 91 909 126 SALLUSTl
934 90 1070 125 CRISPI

79 196 131 235 86
268 194 344 234 Sed
378 194 464 246 ipse
493 206 641 246 paucos
669 194 752 234 dies
786 200 1048 234 commoratus
1076 194 1179 247 apud
1208 195 1248 235 C.
1270 194 1501 235 Flaminium
1530 196 1570 236 in

156 263 248 302 agro
271 251 473 290 Arretino.
496 251 586 290 dum
607 251 841 290 vicinitatem
863 257 975 291 antea
995 251 1236 290 sollicitatam
1257 252 1374 291 armis
1399 259 1574 301 exornat,

156 319 244 346 cum
257 307 425 346 fascibus
436 313 551 358 atque
563 307 648 346 aliis
658 306 796 358 imperi
807 307 1028 358 insignibus
1037 308 1077 347 in
1090 313 1212 346 castra
1224 308 1270 346 ad
1281 307 1466 348 Manlium
1477 320 1574 348 con-

113 369 132 401 2
156 363 293 402 tendit.
333 363 428 402 haec
443 363 509 402 ubi
526 363 671 403 Romae
687 369 886 414 comperta
901 370 1007 413 sunt,
1023 370 1181 403 senatus
1194 363 1395 403 Catilinam
1411 371 1449 404 et
1464 364 1572 404 Man-

156 419 250 458 lium
282 420 406 458 hostis
436 420 598 468 iudicat,
621 426 771 459 ceterae
792 419 1029 460 multitudini
1051 421 1152 460 diem
1172 420 1323 473 statuit,
1345 425 1433 460 ante
1456 433 1574 473 quam
1593 430 1613 463 5

159 476 245 514 sine
264 476 399 515 fraude
421 475 556 515 liceret
583 476 629 515 ab
660 476 777 515 armis
805 475 1002 517 discedere
1023 482 1177 528 praeter
1199 488 1331 515 rerum
1351 477 1574 529 capitalium

113 542 133 570 3
158 531 438 571 condemnatis.
479 539 676 583 praeterea
708 532 883 572 decernit
901 533 957 571 uti
979 534 1161 572 consules
1183 533 1364 572 dilectum
1395 533 1576 583 habeant,

157 589 351 626 Antonius
382 600 470 626 cum
500 589 671 628 exercitu
693 587 893 628 Catilinam
915 590 1099 641 persequi
1119 596 1306 637 maturet,
1329 589 1462 629 Cicero
1486 590 1575 630 urbi

156 644 349 695 praesidio
371 645 432 684 sit.

113 708 133 739 4
271 700 325 739 Ea
352 706 581 751 tempestate
608 700 702 739 mihi
731 700 936 753 imperium
967 701 1102 753 populi
1139 701 1301 740 Romani
1337 702 1459 741 multo
1493 714 1575 741 ma·
1608 711 1646 742 ιο
1674 699 1675 702 '

155 769 271 795 xume
300 756 519 796 miserabile
547 756 671 795 visum
701 764 771 796 est.
812 757 876 796 cui
905 769 994 796 cum
1023 757 1069 796 ad
1091 770 1271 797 occasum
1301 757 1348 797 ab
1373 764 1463 797 ortu
1483 758 1577 797 solis

155 813 284 851 omnia
315 813 456 851 domita
489 813 606 852 armis
634 819 841 864 parerent,
863 814 967 852 domi
988 815 1109 853 otium
1133 821 1248 865 atque
1279 814 1451 862 divitiae,
1477 826 1578 865 quae

156 869 281 920 prima
311 869 493 908 mortales
521 876 682 920 putant,
704 870 939 917 adflnerent,
962 870 1071 909 fuere
1091 878 1220 910 tamen
1243 872 1345 910 cives
1365 870 1433 922 qui
1456 882 1577 922 seque

113 933 131 964 5
156 937 318 976 remque
353 925 553 977 publicam,
584 926 788 977 opstinatis
827 926 966 965 animis
1006 927 1201 978 perditum
1241 927 1356 967 irent.
1410 938 1577 978 namque

156 981 309 1020 duobus
339 981 464 1022 senati
489 982 655 1021 decretis
684 995 729 1021 ex
759 987 863 1021 tanta
883 982 1133 1022 multitudine
1164 995 1291 1034 neque
1321 983 1492 1035 praemio
1515 983 1576 1022 in·
1607 989 1647 1022 15

156 1038 296 1077 (luctus
316 1038 627 1077 coniurationem
648 1039 882 1090 patefecerat
903 1051 1031 1090 neque
1053 1052 1098 1078 ex
1115 1041 1250 1079 castris
1268 1039 1452 1079 Catilinae
1471 1040 1579 1091 quis-

158 1106 274 1145 quam
305 1095 480 1133 omnium
511 1095 757 1134 discesserat:
790 1101 893 1134 tanta
922 1096 977 1134 vis
1007 1095 1132 1134 morbi
1164 1108 1207 1134 ac
1227 1096 1345 1134 veluti
1364 1096 1472 1135 tabes
1492 1095 1581 1147 ple-

86 1154 133 1190 37
157 1162 302 1202 rosque
332 1151 472 1190 civium
502 1151 652 1190 animos
681 1152 886 1190 invaserat.
928 1163 1057 1202 neque
1079 1152 1205 1190 solum
1225 1152 1301 1190 illis
1322 1152 1446 1191 aliena
1467 1163 1581 1190 mens

160 1213 253 1254 erat,
276 1207 342 1257 qni
365 1207 512 1246 conscii
534 1208 817 1247 coniurationis
833 1208 1000 1254 fuerant,
1023 1207 1088 1246 sed
1112 1208 1272 1246 omnino
1289 1212 1430 1247 cuncta
1446 1207 1580 1259 plebes

114 1271 134 1303 2
158 1276 344 1302 novarum
367 1275 430 1302 rei
435 1276 497 1302 um
520 1264 648 1303 studio
671 1264 855 1304 Catilinae
876 1264 1030 1326 incepta
1051 1263 1251 1325 probabat.
1291 1264 1328 1302 id
1350 1263 1444 1303 adeo
1471 1275 1581 1303 more
1609 1269 1650 1302 20

114 1326 135 1360 3
158 1332 230 1358 suo
261 1319 463 1358 videbatur
491 1320 631 1358 facere.
674 1332 763 1358 nam
795 1332 949 1371 semper
978 1321 1017 1358 in
1039 1320 1190 1359 ciiitate
1206 1311 1355 1371 quibus
1375 1332 1471 1372 opes
1493 1320 1583 1359 nul-

158 1376 216 1414 lae
245 1381 337 1414 sunt
357 1375 473 1414 bonis
494 1376 687 1423 iniident‚
710 1376 832 1415 malos
853 1376 1064 1416 extollunt
1085 1383 1212 1415 ietera
1234 1377 1370 1426 odere,
1398 1389 1494 1416 nova
1515 1388 1582 1416 ex-

159 1438 315 1484 optant,
347 1432 436 1470 odio
469 1444 628 1471 suarum
659 1445 790 1472 rerum
814 1432 953 1471 mutari
975 1418 1105 1472 omnia
1126 1433 1303 1481 student,
1333 1433 1446 1472 turba
1466 1439 1582 1484 atque

158 1488 416 1527 seditionibus
428 1488 514 1527 sine
531 1501 622 1527 cura
640 1489 811 1536 aluntur,
829 1489 1012 1539 quoniam
1031 1496 1180 1539 egestas
1196 1489 1306 1528 sacile
1317 1489 1480 1528 habetur
1498 1489 1582 1529 sine

116 1552 138 1584 4
159 1544 312 1583 damno.
355 1544 422 1582 sed
445 1544 593 1583 urbana
614 1545 749 1596 plebes
766 1557 807 1583 ea
824 1557 914 1583 vero
930 1557 1117 1596 praeceps
1135 1551 1216 1584 erat
1232 1546 1278 1585 de
1294 1545 1426 1585 multis
1442 1545 1583 1585 causis.
1613 1549 1653 1582 25

117 1609 137 1640 5
160 1600 330 1652 primum
361 1600 557 1649 omnium,
589 1602 654 1652 qui
686 1601 832 1652 ubique
854 1601 999 1652 probro
1026 1607 1142 1652 atque
1163 1601 1376 1653 petulantia
1407 1613 1586 1641 maxume

160 1656 421 1708 praestabant,
445 1657 535 1696 item
557 1657 618 1696 alii
642 1658 708 1708 qni
730 1670 801 1709 per
824 1657 1013 1696 dedecora
1034 1658 1278 1708 patrimoniis
1308 1658 1472 1706 amissis,
1494 1670 1587 1710 pos-

160 1719 284 1752 tremo
321 1725 478 1761 omnes,
516 1726 615 1764 quos
651 1714 839 1764 flagitium
875 1719 943 1752 aut
969 1714 1123 1753 facinus
1152 1715 1267 1753 domo
1299 1714 1520 1766 expulerat,
1551 1715 1585 1753 ei

118 1777 138 1808 6
161 1768 321 1807 Romam
358 1769 460 1808 sicut
494 1769 534 1808 in
571 1770 764 1808 sentinam
800 1770 1080 1809 confluxerant.
1128 1771 1267 1810 deinde
1296 1771 1407 1810 multi
1437 1783 1585 1810 memo-

161 1837 223 1864 res
249 1825 431 1864 Sullanae
460 1825 664 1871 victoriae,
695 1826 799 1877 quod
822 1838 867 1864 ex
889 1827 1074 1877 gregariis
1096 1827 1284 1866 militibus
1313 1828 1408 1866 alios
1429 1833 1584 1866 senato·
1613 1831 1654 1864 30

161 1893 223 1920 res
253 1882 453 1928 videbant,
484 1882 580 1921 alios
602 1882 653 1921 ita
674 1883 809 1922 divites
830 1889 873 1921 ut
894 1883 1002 1934 regio
1023 1883 1124 1922 victu
1156 1889 1272 1934 atque
1294 1883 1400 1922 cultu
1423 1888 1583 1922 aetatem

161 1944 333 1988 agerent,
357 1937 429 1976 sibi
454 1938 634 1990 quisque,
658 1939 689 1977 si
711 1939 751 1978 in
774 1938 890 1978 armis
912 1940 1022 1985 foret,
1045 1952 1092 1978 ex
1112 1939 1271 1978 victoria
1288 1939 1376 1979 talia
1393 1939 1583 1991 sperabat.

120 2002 137 2031 τ
161 1999 360 2045 praeterea
382 1994 586 2043 inventus,
610 2007 709 2045 quae
731 1996 769 2034 in
793 1996 895 2046 agris
917 2008 1103 2034 manuum
1125 1996 1304 2035 mercede
1332 1996 1504 2047 inopiam
1524 2002 1585 2034 to-

161 2051 360 2097 leraverat,
382 2050 541 2102 privatis
562 2056 678 2102 atque
699 2051 866 2102 publicis
887 2052 1159 2103 largitionibus
1181 2053 1302 2091 excita
1322 2051 1515 2091 urbanum
1541 2063 1584 2090 o·
1651 2095 1676 2108 ‚,

160 2107 257 2145 tium
293 2106 447 2156 ingrato
476 2107 599 2146 labori
629 2108 876 2159 praetulerat.
918 2121 985 2147 eos
1013 2114 1129 2159 atque
1157 2109 1253 2147 alios
1284 2107 1411 2147 omnis
1440 2108 1585 2148 malum
1613 2113 1652 2146 35
1700 2130 1705 2135 ·

119 2171 139 2203 8
160 2162 362 2215 publicum
398 2163 534 2203 alebat.
585 2176 662 2214 quo
698 2165 829 2204 minus
864 2164 1084 2204 mirandum
1122 2171 1179 2204 est
1207 2165 1386 2204 homines
1421 2165 1583 2215 egentis,

161 2219 272 2258 malis
302 2219 481 2259 moribus
510 2233 687 2260 maxuma
711 2234 802 2273 spe,
834 2221 888 2260 rei
911 2220 1088 2272 publicae
1110 2222 1214 2261 iuxta
1234 2233 1278 2261 ac
1298 2220 1371 2260 sibi
1397 2221 1583 2260 consulu-

256 2344 270 2376 1
289 2342 473 2375 flaminium
492 2342 659 2375 flammam
677 2345 829 2385 optimus
845 2354 890 2375 ex
902 2355 933 2384 z,
949 2353 1042 2375 min-s·
1055 2354 1100 2375 ea*
1114 2343 1201 2381 C(in
1214 2353 1326 2384 marg.
1341 2343 1394 2375 nel
1411 2343 1583 2383 flaccum):

165 2388 333 2420 flammam
350 2398 415 2420 om.
431 2387 504 2427 PC,-
522 2386 567 2427 cf.
580 2389 610 2421 J.
624 2387 678 2429 27,
690 2389 711 2421 4
723 2388 838 2421 Her-m.
856 2391 885 2429 1,
902 2388 1018 2429 247132
1033 2389 1174 2429 reatinio
1192 2389 1228 2430 Ρ,
1242 2388 1369 2421 reatino
1386 2388 1421 2429 C,
1439 2388 1584 2421 arretino

163 2443 255 2465 unus
272 2431 286 2476 ΙΙ
302 2435 321 2467 5
343 2432 510 2465 iudicant
531 2433 577 2474 (ui
596 2435 697 2474 praa.)
721 2434 752 2466 P
766 2433 778 2477 1}
794 2436 814 2467 6
840 2433 954 2466 liceret
982 2444 1026 2464 ar
1050 2434 1171 2467 licebat
1190 2432 1243 2477 ΡΙΙ
1263 2435 1282 2466 8
1308 2437 1451 2466 mutaret
1468 2431 1522 2477 Pu
1544 2434 1583 2466 12

164 2477 253 2510 d0m1
265 2490 303 2507 ει
317 2477 423 2511 otiu'm
449 2478 546 2520 (&q;
567 2479 668 2518 eras.)
685 2477 738 2522 ΡΗ
763 2481 798 2512 ῑῖ
819 2489 856 2511 ac
873 2479 978 2511 ueluti
993 2479 1111 2522 Haupt
1133 2477 1256 2511 szsslol
1272 2479 1305 2519 3,
1322 2479 1400 2520 547,
1417 2481 1518 2521 atque
1535 2477 1584 2511 uti

162 2522 219 2555 PC
236 2523 248 2565 ΙΙ
265 2524 314 2599 l20
327 2523 514 2565 probabatt
532 2525 565 2565 (n
580 2525 682 2564 eras.)
706 2522 760 2567 ΡΗ
780 2525 820 2557 27
848 2524 904 2568 qni
922 2523 985 2559 PF
1010 2534 1076 2556 om.
1098 2534 1202 2567 pauet
1224 2522 1266 2572 Cz
1283 2522 1296 2566 ΙΙ
1316 2525 1357 2557 33
1383 2504 1583 2557 t'olerauerat

159 2578 205 2599 ex
230 2574 263 2601 to
280 2569 393 2601 etabat
418 2569 449 2601 P
