1709 2885
27 702 65 733 10

24 982 61 1014 15

18 1542 58 1575 25

18 1825 58 1857 30

17 2104 56 2136 35

550 88 604 121 DE
628 88 762 122 BELLO
785 88 1049 122 IUGURTHINO
1457 85 1510 124 49

95 197 172 230 tem
193 191 375 230 extollere
396 191 595 245 laudibus:
626 190 746 241 gratia
766 202 872 238 voce,
893 191 1062 241 denique
1085 191 1268 230 omnibus
1288 191 1413 230 modis
1434 204 1506 242 pro

94 247 222 286 alieno
243 247 388 286 scelere
409 253 446 285 et
465 247 606 297 flagitio
630 259 700 285 sua
721 246 831 297 quasi
852 259 923 297 pro
948 247 1068 297 gloria
1090 247 1326 286 nitebantur.
1359 254 1396 286 at
1413 259 1507 286 con-

96 310 154 342 tra
172 304 310 354 pauci,
334 303 476 354 quibus
492 303 638 342 bonum
660 309 698 341 et
716 315 881 353 aequom
902 302 1042 342 divitiis
1064 304 1190 342 carius
1212 310 1303 351 erat,
1326 303 1507 342 subveni-

97 360 245 398 undum
283 359 487 398 Adherbali
526 366 563 398 et
602 359 831 409 Hiempsalis
868 365 1032 398 mortem
1071 372 1203 398 severe
1241 360 1508 398 vindicandam

97 415 319 462 censebant,
342 416 408 454 sed
431 429 476 454 ex
497 415 676 454 omnibus
696 427 873 454 maxume
890 415 1074 454 Aemilius
1095 416 1278 460 Scaurus,
1302 416 1417 454 homo
1436 428 1507 454 uo-

96 472 184 510 bilis
213 471 365 522 inpiger
394 471 577 510 factiosus
607 471 738 510 avidus
769 472 964 522 potentiae
988 472 1150 510 honoris
1182 472 1411 517 divitiarum,
1444 484 1506 510 ce—

95 534 221 566 terum
241 528 328 566 vitia
350 541 417 566 sua
439 528 573 566 callide
594 527 805 566 occultans.
855 528 887 566 is
917 534 1122 578 postquam
1142 528 1245 567 videt
1269 528 1370 578 regis
1391 528 1506 576 largi-

96 584 239 623 tionem
262 584 445 623 famosam
475 584 820 635 inpudentemque,
850 584 1008 632 veritus,
1039 585 1143 634 quod
1167 584 1205 622 in
1236 584 1302 622 tali
1324 596 1365 623 re
1396 584 1506 631 solet,

95 652 144 678 ne
164 639 311 690 polluta
328 640 482 679 licentia
503 640 683 679 invidiam
705 640 946 687 accenderet,
968 640 1141 679 animum
1162 653 1182 679 a
1199 647 1385 679 consueta
1406 640 1507 679 lubi—

95 695 185 734 dine
201 697 407 735 continuit.
443 697 533 735 vicit
551 703 679 735 tamen
695 696 736 734 in
757 701 894 735 senatu
916 709 1003 747 pars
1018 697 1093 743 illa,
1115 709 1213 747 quae
1230 709 1318 735 vero
1337 697 1505 747 pretium

92 758 158 790 aut
179 752 337 802 gratiam
363 752 611 791 anteferebat.
659 753 855 791 decretum
877 753 919 790 fit
941 753 995 791 uti
1031 754 1163 792 decem
1184 753 1297 803 legati
1326 765 1505 802 regnum,

93 808 197 858 quod
217 808 375 858 Micipsa
398 809 630 858 optinuerat,
653 809 756 847 inter
781 809 1007 859 Iugurtham
1030 816 1067 848 et
1087 809 1342 848 Adherbalem
1363 809 1506 847 divide—

92 871 193 903 rent.
242 864 353 903 cuius
383 864 585 913 legationis
616 865 801 916 princeps
832 865 904 904 fuit
934 865 976 903 L.
1010 865 1201 916 Opimius,
1232 866 1348 904 homo
1380 865 1507 904 clarus

93 925 130 958 et
153 926 235 958 tum
266 920 305 959 in
328 926 464 959 senatu
493 927 654 971 potens,
686 921 775 972 quia
805 921 944 960 consul
978 921 1017 960 C.
1041 921 1214 961 Graccho
1237 928 1272 961 et
1293 922 1341 960 M.
1371 921 1506 960 Fulvio

92 976 228 1015 Flacco
260 976 474 1015 interfectis
503 989 703 1016 acerrume
734 978 929 1016 victoriam
953 977 1163 1016 nobilitatis
1185 978 1224 1017 in
1257 978 1410 1029 plebem
1441 991 1506 1016 ex-

93 1038 279 1071 ercuerat.
316 1045 404 1071 eum
426 1033 611 1083 Iugurtha
632 1034 783 1073 tametsi
805 1034 947 1073 Romae
968 1035 1006 1072 in
1030 1034 1197 1073 inimicis
1220 1035 1427 1079 habuerat,
1450 1042 1506 1073 ta-

89 1100 180 1127 men
209 1089 513 1128 adcuratissume
534 1090 702 1141 recepit,
729 1090 854 1129 dando
877 1096 914 1129 et
935 1090 1156 1141 pollicendo
1178 1091 1299 1129 multa
1330 1090 1505 1142 perfecit,

89 1144 146 1182 uti
175 1145 273 1183 fama
307 1145 402 1192 fide,
442 1152 641 1197 postremo
672 1146 853 1185 omnibus
883 1147 965 1185 suis
1007 1146 1123 1185 rebus
1155 1147 1401 1185 commodum
1443 1159 1505 1185 re-

91 1201 149 1250 gis
186 1201 406 1240 anteferret.
467 1203 638 1253 reliquos
669 1203 814 1253 legatos
845 1203 977 1242 eadem
1006 1203 1064 1241 via
1105 1203 1314 1253 adgressus
1353 1204 1503 1254 pleros—

93 1269 168 1307 que
199 1257 314 1308 capit,
343 1258 478 1307 paucis
499 1258 625 1297 carior
653 1259 747 1297 fides
779 1271 891 1309 quam
923 1260 1088 1310 pecunia
1118 1259 1204 1299 fuit.
1256 1260 1295 1298 in
1318 1259 1505 1298 divisione

91 1325 188 1364 quae
218 1325 307 1364 pars
327 1313 527 1353 Numidiae
557 1315 833 1354 Mauretaniam
866 1316 1040 1366 attingit,
1081 1328 1172 1366 agro
1204 1316 1375 1366 virisque
1405 1329 1505 1366 opu-

90 1369 252 1416 lentior,
292 1369 503 1420 Iugurthae
524 1371 708 1419 traditur,
740 1371 844 1410 illam
866 1372 1024 1410 alteram
1046 1371 1176 1422 specie
1201 1383 1315 1421 quam
1339 1384 1411 1410 usu
1434 1384 1505 1422 po-

88 1425 239 1473 tiorem,
262 1438 359 1476 quae
380 1427 605 1477 portuosior
629 1435 666 1466 et
686 1427 868 1466 aedificiis
888 1428 1009 1477 magis
1032 1434 1212 1466 exornata
1244 1434 1337 1475 erat,
1361 1429 1506 1467 Adher-

88 1481 148 1520 bal
170 1482 353 1532 possedit.

198 1537 276 1577 Res
296 1538 492 1588 postulare
523 1538 670 1577 videtur
692 1539 842 1577 Africae
863 1539 980 1577 situm
1001 1538 1135 1589 paucis
1165 1551 1361 1590 exponere
1382 1545 1420 1577 et
1441 1551 1504 1578 eas

87 1594 228 1643 gentis,
253 1594 486 1645 quibuscum
509 1595 620 1633 nobis
640 1595 786 1633 bellum
807 1600 873 1633 aut.
893 1595 1057 1633 amicitia
1078 1595 1162 1640 fuit,
1185 1595 1386 1645 attingere.
1437 1596 1503 1634 sed

87 1662 184 1700 quae
204 1650 288 1689 loca
311 1659 349 1690 et
370 1651 546 1689 nationes
567 1651 616 1689 ob
639 1652 805 1690 calorem
827 1657 892 1690 aut
910 1651 1171 1702 asperitatem,
1202 1652 1294 1690 item
1327 1651 1503 1690 solitudi-

87 1718 156 1744 nes
171 1707 300 1745 minus
321 1707 565 1758 frequentata
586 1713 689 1753 sunt,
712 1707 759 1746 de
780 1707 834 1746 eis
854 1708 956 1745 haud
977 1708 1088 1746 facile
1110 1714 1353 1759 compertum
1370 1720 1503 1747 narra-

88 1762 219 1801 verim.
261 1769 387 1802 cetera
409 1776 523 1814 quam
539 1764 797 1814 paucissumis
817 1763 1029 1808 absolvam,

197 1819 240 1857 In
274 1819 461 1858 divisione
492 1820 597 1858 orbis
628 1826 751 1858 terrae
782 1819 959 1870 plerique
990 1820 1030 1858 in
1063 1825 1171 1870 parte
1201 1819 1313 1858 tertia
1335 1819 1501 1858 Africam

87 1885 267 1924 posuere,
299 1876 412 1925 pauci
433 1880 583 1914 tautum
614 1876 732 1914 modo
755 1875 881 1914 Asiam
904 1881 941 1914 et
962 1876 1158 1927 Europam
1183 1887 1280 1921 esse,
1312 1875 1377 1914 sed
1401 1876 1503 1914 Afri-

87 1942 171 1969 cam
194 1931 234 1969 in
256 1930 425 1981 Europa.
476 1944 518 1969 ea
546 1931 635 1970 finis
656 1931 772 1970 habet
801 1932 846 1970 ab
879 1932 1080 1971 occidente
1100 1933 1244 1971 fretum
1267 1932 1389 1970 nostri
1421 1944 1502 1970 ma-

85 1986 139 2025 ris
165 1993 202 2025 et
225 1986 384 2039 Oceani,
417 1986 462 2025 ab
484 1993 571 2026 ortu
604 1987 696 2026 solis
727 1989 911 2027 declivem
941 1988 1195 2036 latitudinem,
1226 2000 1342 2038 quem
1372 1987 1502 2027 locum

89 2040 364 2081 Catabathmon
386 2043 536 2082 incolae
555 2044 763 2095 appellant.
799 2057 904 2083 mare
925 2057 1076 2083 saevom
1100 2046 1389 2096 inportuosum,
1411 2056 1502 2095 ager

85 2098 243 2149 frugum
264 2099 414 2147 fertilis,
437 2098 565 2138 honus
586 2101 731 2151 pecori,
761 2100 889 2140 arbori
910 2101 1159 2149 infecundus,
1195 2101 1299 2139 caelo
1320 2106 1501 2152 terraque

85 2155 250 2205 penuria
271 2167 471 2206 aquarum.
509 2167 633 2206 genus
653 2157 855 2196 hominum
884 2157 1027 2196 salubri
1047 2170 1234 2209 corpore,
1261 2157 1380 2204 velox,
1403 2157 1501 2208 pati-

87 2222 156 2249 ens
177 2211 367 2250 laborum.
408 2212 616 2262 plerosque
634 2219 815 2252 senectus
837 2214 1020 2261 dissolvit,
1044 2214 1119 2252 nisi
1135 2214 1203 2264 qui
1222 2214 1326 2251 ferro
1348 2220 1413 2252 aut
1432 2214 1501 2252 be-

85 2266 168 2305 stiis
188 2267 391 2306 interiere:
426 2280 513 2307 nam
535 2268 693 2308 morbus
714 2269 818 2308 haud
848 2283 962 2321 saepe
983 2282 1215 2321 quemquam
1237 2275 1407 2313 suberat.
1455 2270 1501 2308 ad

85 2322 160 2361 hoc
188 2324 342 2362 malifici
373 2324 528 2374 generis
559 2324 737 2375 pluruma
758 2325 947 2365 animalia.
998 2327 1063 2364 sed
1087 2327 1155 2377 qui
1177 2326 1358 2364 mortales
1388 2325 1499 2365 initio

179 2424 217 2455 13
243 2423 431 2465 largitionis
448 2425 478 2455 P
492 2421 504 2466 ll
524 2425 562 2456 14
582 2424 715 2457 consuls
729 2426 765 2467 P,
791 2425 908 2458 consul
925 2426 981 2457 vel
995 2425 1191 2459 consulibus
1213 2426 1240 2459 C
1255 2425 1266 2467 ἶ]
1288 2428 1325 2458 15
1343 2425 1499 2458 interfec-

86 2467 129 2499 tis
147 2478 193 2499 οτι·
208 2467 405 2501 interfectus
424 2470 453 2500 P
465 2467 477 2511 ll
499 2470 537 2501 16
556 2468 589 2500 in
606 2469 748 2502 inimicis
765 2481 857 2502 unus
874 2481 919 2502 eoe
936 2482 965 2508 z,
982 2471 1016 2503 in
1034 2471 1149 2503 amicis
1166 2472 1222 2504 PC
1238 2470 1249 2514 ss
1271 2472 1308 2502 18
1325 2469 1414 2502 sama
1432 2469 1497 2503 fide

85 2511 150 2553 PC,
167 2512 275 2545 famae
299 2512 366 2546 fide
392 2513 439 2546 C?
456 2513 467 2555 ll
487 2515 527 2546 21
555 2513 742 2556 epulentior
765 2515 817 2558 Pl]
838 2517 880 2548 34
902 2516 1162 2549 cathabathmon
1180 2515 1232 2560 ΡΗ
1253 2517 1292 2547 35
1311 2515 1424 2556 pecori
1441 2519 1500 2556 (ex

86 2557 152 2597 -ra)
178 2568 198 2600 p
224 2557 332 2590 arbori
357 2557 410 2600 ΡΗ
430 2560 469 2590 37
498 2558 622 2591 laboris
646 2569 707 2592 nec
731 2561 910 2603 plerosque
934 2561 1071 2593 Fronto
1097 2561 1143 2593 ad
1157 2563 1287 2593 Ancon.
1304 2559 1420 2602 2,6p.
1434 2561 1499 2594 109

154 2623 323 2655 sallustius,
362 2623 413 2650 Ed.
434 2623 470 2650 11.
1209 2619 1228 2649 4

1532 254 1550 285 3

1530 1040 1547 1071 3

1529 1211 1548 1241 4

1529 1267 1546 1297 5

1531 1545 1574 1578 17

1527 1605 1545 1636 2

1526 1829 1544 1860 3

1525 1942 1544 1972 4

1525 2055 1542 2085 5

1524 2166 1543 2198 6

1522 2337 1540 2367 7
