1709 2885
66 693 102 724 10

63 973 100 1005 15

62 1254 102 1286 20

59 1534 98 1566 25

578 76 789 110 EPISTULA
813 77 1089 111 MITHRIDATIS
1470 76 1547 116 123

130 179 348 232 impedivit:
382 180 535 230 illique,
569 192 667 230 quos
688 179 838 230 ignavia
867 185 933 219 aut
952 192 1068 231 prava
1089 180 1296 230 calliditas,
1319 188 1361 220 ut
1380 182 1476 220 meis
1497 182 1552 220 la-

127 236 290 277 boribus
310 236 384 275 tuti
406 242 547 284 essent,
569 236 685 275 armis
701 235 900 283 abstinuit,
922 236 1201 275 acerbissumas
1218 250 1364 289 poenas
1385 237 1552 284 solvunt,

129 293 370 333 Ptolemaeus
391 293 516 344 pretio
538 292 578 331 in
609 286 690 331 dies
718 291 863 331 bellum
891 292 1099 344 prolatanS,
1121 291 1325 332 Cretenses
1346 294 1554 345 inpugnati

132 350 252 389 semel
280 349 354 387 iam
386 360 514 399 neque
542 349 658 387 finem
694 349 768 388 nisi
807 348 955 387 excidio
992 348 1172 388 habituri.
1223 350 1401 400 equidem
1433 362 1552 401 quom

130 405 226 444 mihi
247 405 295 444 ob
316 405 492 456 ipsorum
526 405 679 443 interna
706 405 804 443 mala
825 404 936 443 dilata
966 404 1112 456 proelia
1140 405 1263 456 magis
1284 418 1398 457 quam
1419 417 1554 457 pacem

132 462 254 501 datam
274 460 551 512 intellegerem,
567 460 761 499 abnuente
778 461 958 511 Tigrane,
990 461 1056 511 qui
1077 473 1160 500 mea
1177 462 1277 500 dicta
1293 474 1379 501 sero
1402 462 1552 512 probat,

131 523 169 556 te
190 525 339 556 remoto
360 518 519 568 procul,
550 516 730 555 omnibus
759 516 843 555 aliis
872 517 1070 565 obnoxiis,
1101 530 1238 557 rursus
1258 525 1386 557 tamen
1408 518 1553 557 bellum

133 574 244 625 coepi
273 573 524 624 Marcumque
554 573 721 619 Cottam,
753 572 971 612 Romanum
993 573 1150 621 ducem,
1181 574 1284 625 apud
1310 573 1552 613 Calchedona

131 635 233 669 terra
255 629 335 668 fudi
349 660 357 673 ,
382 630 478 668 mari
499 629 586 668 exui
609 629 729 668 classe
747 628 1035 680 pulcherruma.
1086 630 1188 681 apud
1211 629 1388 681 Cyzicum
1409 642 1551 682 magno

132 698 219 725 cum
247 685 419 725 exercitu
436 686 476 724 in
499 685 648 724 obsidio
667 685 834 724 moranti
854 685 1094 725 frumentum
1112 686 1246 733 defuit,
1271 686 1378 725 nullo
1404 688 1553 726 circum

130 742 348 789 adnitente3
389 742 503 780 simul
532 741 655 780 hiems
691 741 789 779 mari
825 741 1067 792 prohibebat.
1108 743 1180 790 ita,
1212 742 1296 781 sine
1325 743 1360 780 vi
1379 742 1552 782 hostium

128 798 283 848 regredi
307 803 469 837 conatus
497 798 537 835 in
567 797 735 848 patrium
765 809 949 848 regnum,
979 799 1191 849 naufragiis
1217 799 1318 850 apud
1339 798 1494 838 Parium
1517 805 1554 838 et

129 853 352 893 Heracleam
386 853 553 893 militum
599 859 779 904 optumos
825 866 912 892 cum
960 854 1148 894 classibus
1184 855 1306 894 amisi.
1373 855 1551 895 restituto

130 910 269 949 deinde
290 910 391 961 apud
415 908 596 948 Caberam
619 910 789 949 exercitu
813 917 850 949 et
870 910 983 948 variis
1006 911 1108 949 inter
1128 924 1187 950 me
1209 917 1322 962 atque
1344 911 1553 950 Lucullum

130 966 303 1018 proeliis,
329 966 461 1017 inopia
480 978 619 1005 rursus
640 966 772 1004 ambos
794 966 966 1005 incessit.
1008 966 1061 1005 illi
1079 967 1234 1006 suberat
1254 980 1420 1018 regnum
1441 967 1554 1006 Ario-

129 1022 305 1062 barzanis
334 1021 435 1061 bello
469 1022 678 1061 intactum:
715 1034 806 1073 ego,
842 1023 959 1061 vastis
989 1023 1135 1062 circum
1172 1024 1353 1062 omnibus
1374 1024 1492 1071 locis,
1514 1024 1554 1063 in

128 1078 350 1117 Armeniam
372 1078 548 1117 concessi
569 1079 770 1129 secutique
798 1078 962 1117 Romani
985 1091 1064 1117 non
1086 1092 1160 1125 me,
1184 1080 1249 1118 sed
1271 1092 1419 1118 morem
1440 1092 1554 1120 suum

130 1134 259 1174 omnia
289 1146 407 1185 regna
439 1134 716 1185 subvortundi,
750 1134 840 1186 quia
868 1135 1157 1175 multitudinem
1189 1136 1281 1176 artis
1303 1136 1398 1175 locis
1419 1148 1552 1188 pugna

131 1191 382 1243 prohibuere,
404 1191 692 1242 inprudentiam
713 1191 892 1241 Tigranis
913 1203 985 1242 pro
1006 1192 1164 1231 victoria
1186 1198 1394 1231 ostentant.

242 1246 356 1285 Nunc
387 1259 531 1298 quaeso
562 1247 788 1295 considera,
817 1247 930 1286 nobis
963 1249 1161 1299 oppressis
1189 1255 1321 1288 utrum
1342 1249 1553 1288 firmiorem

129 1311 165 1343 te
187 1303 233 1341 ad
262 1303 541 1350 resistundum,
573 1317 619 1342 an
642 1304 759 1342 finem
780 1303 869 1342 belli
890 1303 1069 1343 futurum
1099 1303 1241 1356 putes?
1272 1305 1351 1343 scio
1374 1305 1554 1357 equidem

128 1359 198 1398 tibi
218 1371 377 1410 magnas
398 1371 493 1410 opes
509 1360 680 1399 virorum
701 1372 898 1398 armorum
922 1366 959 1399 et
980 1361 1062 1400 auri
1082 1373 1186 1409 esse;
1215 1366 1251 1400 et
1271 1373 1313 1400 ea
1335 1373 1376 1400 re
1398 1374 1417 1400 a
1441 1361 1554 1400 nobis

129 1415 173 1455 ad
203 1415 440 1463 societatem,
470 1416 516 1454 ab
548 1416 623 1455 illis
652 1416 697 1455 ad
735 1416 916 1467 praedam
944 1417 1100 1467 peteris.
1143 1424 1315 1456 ceterum
1348 1418 1555 1457 consilium

129 1478 199 1518 est,
220 1471 399 1522 Tigranis
421 1484 542 1522 regno
563 1472 730 1523 integro,
746 1472 844 1511 meis
863 1472 1050 1512 militibus
1066 1473 1158 1511 belli
1179 1474 1440 1524 prudentibus
1460 1486 1554 1525 pro-

129 1528 192 1567 cul
213 1527 259 1567 ab
281 1527 415 1574 domo,
446 1540 562 1579 parvo
583 1528 713 1567 labore
743 1540 814 1579 per
835 1534 967 1568 nostra
997 1541 1160 1580 corpora
1181 1529 1328 1568 bellum
1349 1530 1553 1578 conficere,

127 1596 205 1636 quo
226 1596 355 1635 neque
376 1584 530 1623 vincere
560 1596 687 1635 neque
710 1584 808 1623 vinci
839 1585 921 1623 sine
953 1591 1020 1623 tuo
1041 1586 1218 1636 periculo
1240 1598 1463 1636 possumus.
1505 1599 1553 1626 an

125 1641 282 1691 ignoras
311 1640 528 1687 Romanos,
566 1647 772 1692 postquam
803 1640 849 1679 ad
889 1642 1131 1680 occidentem
1160 1642 1414 1693 pergentibus
1435 1643 1554 1682 finem

128 1696 307 1736 Oceanus
321 1697 424 1741 fecit,
443 1709 546 1735 arma
563 1697 640 1736 huc
657 1697 897 1735 convortisse
909 1695 928 1734 ?
951 1710 1079 1748 neque
1097 1698 1306 1749 quicquam
1323 1711 1343 1737 a
1357 1699 1555 1750 principio

127 1753 202 1792 nisi
222 1758 376 1804 raptum
397 1752 552 1800 habere,
575 1753 733 1791 domum
754 1752 942 1803 coniuges
963 1765 1076 1803 agros
1098 1753 1336 1805 imperium?
1362 1766 1555 1794 convenas

129 1809 221 1848 olim
242 1809 326 1847 sine
346 1810 467 1860 patria
490 1808 738 1860 parentibus,
767 1815 874 1860 peste
907 1809 1084 1848 conditos
1107 1810 1211 1849 orbis
1230 1816 1442 1850 terrarum:
1467 1811 1555 1862 qui-

128 1865 202 1904 bus
222 1877 303 1903 non
324 1865 492 1903 humana
522 1864 599 1903 ulla
631 1877 760 1916 neque
783 1865 908 1904 divina
939 1865 1112 1913 obstant,
1144 1866 1239 1917 quin
1260 1866 1388 1906 socios
1410 1868 1555 1906 amicos

127 1920 266 1973 procul
287 1921 391 1959 iuxta
412 1920 520 1968 sitos,
550 1920 688 1972 inopes
708 1922 957 1973 potentisque
988 1922 1142 1961 trahant
1162 1923 1380 1971 excindant,
1402 1923 1553 1962 omnia-

128 1989 203 2029 que
225 1988 304 2015 non
323 1988 431 2015 serva
460 1983 497 2015 et
524 1989 701 2015 maxume
729 1989 848 2027 regna
877 1978 1031 2017 hostilia
1053 1978 1207 2018 ducant.
1248 1991 1416 2030 namque
1438 1980 1553 2031 pauci

127 2033 354 2078 libertatem,
383 2045 472 2083 pars
492 2045 630 2083 magna
657 2034 779 2072 iustos
807 2034 984 2073 dominos
1013 2034 1167 2073 volunt:
1199 2048 1271 2074 nos
1293 2037 1464 2087 suspecti
1485 2048 1552 2075 su-

127 2101 215 2128 mus
230 2089 371 2128 aemuli
388 2095 426 2127 et
440 2089 480 2127 in
496 2094 671 2140 tempore
687 2089 858 2130 vindices
873 2091 1056 2129 adfuturi.
1092 2097 1134 2130 tu
1151 2103 1255 2139 vero,
1273 2092 1336 2130 cui
1352 2092 1550 2140 Seleucea,

128 2157 303 2184 maxuma
324 2145 501 2191 urbium,
531 2157 776 2197 regnumque
812 2146 981 2186 Persidis
1010 2147 1168 2186 inclutis
1190 2147 1332 2187 divitiis
1353 2156 1431 2196 est,
1458 2148 1551 2199 quid

1577 354 1614 386 13

1577 636 1616 667 14

1577 861 1614 893 15

1578 1254 1616 1287 16

1579 1593 1614 1625 17

1578 1986 1615 2018 18

1577 2099 1615 2131 19

127 2201 270 2241 abillis
290 2201 364 2240 nisi
393 2201 522 2240 dolum
552 2202 592 2241 in
621 2214 806 2254 praesens
838 2209 875 2243 et
903 2210 1038 2255 postea
1066 2203 1212 2242 bellum
1235 2202 1444 2255 expectas?
1471 2204 1549 2243 Ro-
1573 2210 1614 2243 20

217 2304 238 2334 4
264 2301 406 2334 habitur.
426 2300 581 2343 equidem
607 2300 667 2345 VH
687 2303 704 2335 S
730 2301 935 2335 calchedona
953 2302 985 2334 V
1005 2302 1069 2341 (cf.
1083 2302 1116 2336 C.
1134 2303 1159 2335 I.
1177 2303 1216 2335 L.
1237 2305 1254 2336 1
1276 2314 1309 2346 p.
1326 2304 1429 2344 292).·
1455 2304 1553 2337 Chal-

127 2345 256 2379 cedona
290 2346 456 2378 edebatur
474 2344 486 2387 ΙΙ
507 2348 545 2378 14
579 2346 732 2379 caberam
761 2347 802 2389 V,
836 2347 953 2380 Cabira
980 2347 1103 2380 Carrio
1120 2346 1132 2391 H
1156 2350 1194 2381 15
1219 2349 1356 2391 proeliis
1381 2349 1422 2390 V,
1447 2360 1552 2392 prope

129 2391 203 2424 cod.
225 2390 378 2423 Charisii
400 2401 434 2432 p.
455 2391 518 2423 119
533 2389 546 2433 ΙΙ
566 2393 607 2424 23
632 2392 768 2433 petieris
794 2392 868 2424 cod.
896 2391 1050 2425 Charisii
1074 2403 1107 2435 p.
1124 2393 1188 2426 196
1213 2392 1283 2436 {124
1311 2394 1392 2426 belli
1410 2394 1554 2437 pruden—

128 2436 219 2469 tibus
246 2435 379 2469 Charis.
407 2435 424 2467 Ι.
452 2446 489 2475 c„
523 2445 588 2468 om.
619 2435 679 2479 VH
697 2438 738 2469 25
768 2447 871 2479 paruo
896 2437 1010 2470 labore
1037 2437 1078 2478 V,
1112 2448 1177 2470 om.
1205 2438 1337 2472 Charis.
1369 2439 1389 2472 I.
1415 2449 1454 2474 c..
1488 2439 1553 2472 del.

127 2480 291 2523 Linkern
315 2482 357 2514 26
383 2490 449 2523 quo
478 2480 641 2521 Gerlach,
667 2488 732 2523 quo
763 2482 803 2516 V,
835 2482 967 2524 quando
993 2482 1122 2523 Aldus,
1153 2493 1219 2525 quo
1253 2483 1353 2516 modo
1385 2483 1451 2515 alii
1473 2482 1485 2527 ΙΙ
1511 2486 1552 2518 29

127 2529 260 2568 raptum
287 2525 501 2564 ciacconius,
527 2530 659 2568 partum
682 2526 719 2557 V
727 2525 739 2569 ΙΙ
760 2528 801 2559 30
826 2527 897 2559 sine
923 2530 1003 2559 ante
1028 2527 1222 2569 parentibus
1246 2530 1392 2560 iter-avit
1407 2528 1520 2562 Aldus
1541 2529 1554 2574 ss

129 2573 225 2614 parte
249 2569 405 2603 conditor
430 2570 520 2603 orbis
545 2574 706 2603 terrarum
731 2571 875 2604 Servius
897 2573 985 2604 Aen.
1011 2573 1041 2612 7,
1066 2571 1133 2605 303
