1709 2885
67 684 105 718 10

65 966 102 999 15

63 1247 103 1280 20

32 1528 100 1576 >25

61 1810 102 1842 30

61 2088 100 2121 35

519 71 573 104 DE
599 69 916 105 CONIURATIONE
942 69 1166 104 CATILINAE
1523 69 1549 108 7

135 174 374 217 nobilitatem
394 173 592 225 putabant.
650 173 774 213 laudis
795 174 905 220 avidi,
922 175 1111 225 pecuniae
1126 173 1304 213 liberales
1321 178 1431 213 erant
1439 185 1449 222 ;
1468 173 1549 225 glo·

133 233 230 272 riam
259 231 478 282 ingentem,
510 229 657 269 divitias
685 230 867 269 honestas
897 230 1086 269 volebant.
1146 242 1361 270 memorare
1389 242 1546 281 possem
1571 237 1589 267 7

135 287 277 340 quihus
298 287 338 326 in
359 287 455 326 locis
476 298 671 325 maxumas
691 286 861 325 hostium
885 286 1015 337 copias
1031 287 1201 337 populus
1217 287 1416 326 Romanus
1433 298 1549 337 parva

133 357 251 384 manu
279 342 444 391 fuderit,
474 355 569 393 quas
598 342 705 381 urhis
726 348 861 381 natura
883 343 1050 381 munitas
1080 343 1292 394 pugnando
1315 342 1484 394 ceperit,
1507 342 1548 381 ni

135 413 178 440 ea
198 412 260 440 res
281 400 437 450 longius
459 411 530 438 nos
550 398 596 437 ab
618 398 775 450 incepto
796 399 977 438 traheret.

247 456 323 496 Sed
342 456 517 507 profecto
539 455 695 494 fortuna
716 455 756 493 in
779 455 885 493 omni
906 467 948 494 re
969 455 1210 502 dominatum
1234 466 1276 493 ea
1298 466 1359 492 res
1382 459 1542 492 cunctas
1572 459 1595 494 8

136 526 179 552 ex
199 512 373 552 lubidine
394 512 514 563 magis
536 523 649 562 quam
672 523 717 550 ex
737 523 827 550 vero
845 511 1012 550 celebrat
1027 511 1300 562 obscuratque.
1332 510 1545 548 Athenien·
1569 518 1588 550 2

135 568 232 608 sium
262 581 326 608 res
357 574 505 619 gestae,
536 567 650 606 sicuti
679 579 750 617 ego
780 573 975 616 aestumo,
1006 568 1096 606 satis
1126 567 1273 618 amplae
1299 566 1546 616 magnificae-

136 637 209 676 que
229 626 361 674 fuere,
382 636 516 663 verum
536 623 731 674 aliquanto
753 624 924 662 minores
945 630 1072 663 tamen
1096 636 1209 674 quam
1229 622 1326 661 fama
1349 623 1543 661 feruntur.

135 681 203 720 sed
222 682 313 733 quia
333 692 547 732 provenere
568 679 621 718 ibi
642 679 878 730 scriptorum
900 692 1037 731 magna
1058 679 1235 730 ingenia,
1258 691 1330 730 per
1353 684 1545 717 terrarum
1568 689 1588 718 3

135 738 267 777 orbem
287 736 580 777 Atheniensium
603 736 700 775 facta
720 748 792 787 pro
815 737 1002 775 maxumis
1025 736 1284 775 celebrantur.
1338 735 1388 773 ita
1410 746 1545 773 eorum
1568 743 1590 774 4

135 793 202 845 qui
229 794 353 833 fecere
381 793 503 832 virtus
532 797 638 831 tauta
668 792 851 840 habetur,
887 797 1076 843 quantum
1106 804 1189 831 eam
1222 791 1349 831 verbis
1382 796 1546 842 potuere

133 849 314 888 extollere
334 849 530 901 praeclara
551 848 720 898 ingenia.
761 853 798 888 at
818 849 964 900 populo
985 848 1160 887 Romano
1181 859 1393 898 numquam
1421 860 1464 886 ea
1480 859 1546 885 co·
1570 855 1589 886 5

133 905 196 956 pia
216 904 307 953 fuit,
331 906 419 956 quia
440 905 781 957 prudentissumus
804 905 969 956 quisque
989 917 1166 944 maxume
1187 904 1414 955 negotiosus
1444 909 1544 942 erat:

132 961 331 1012 ingenium
352 973 467 1001 nemo
488 962 572 1000 sine
594 973 758 1012 corpore
780 962 1003 1009 exercebat3
1026 967 1210 1012 optumus
1232 960 1397 1012 quisque
1420 960 1547 998 facere

131 1030 246 1069 quam
276 1017 424 1066 dicere,
455 1030 522 1057 sua
552 1017 598 1056 ab
630 1018 712 1057 aliis
742 1017 943 1056 benefacta
964 1017 1109 1056 laudari
1133 1029 1247 1068 quam
1277 1017 1361 1068 ipse
1382 1016 1546 1055 aliorum

131 1086 288 1113 narrare
309 1074 483 1113 malebat,
524 1074 641 1125 igitur
663 1074 764 1113 domi
786 1074 1022 1125 militiaeque
1042 1073 1137 1112 boni
1158 1085 1286 1112 mores
1304 1072 1544 1119 colebantur,
1569 1075 1594 1110 9

132 1130 338 1169 concordia
366 1143 562 1178 maxuma,
593 1131 766 1170 minuma
795 1131 949 1170 avaritia
980 1136 1082 1177 erat,
1105 1130 1166 1168 ius
1194 1130 1422 1180 bonumque
1443 1127 1546 1179 apud

132 1199 198 1225 eos
228 1198 307 1225 non
338 1186 487 1237 legibus
515 1186 636 1236 magis
667 1199 782 1237 quam
812 1193 949 1226 natura
978 1186 1137 1225 valebat.
1178 1185 1303 1236 iurgia
1333 1184 1545 1224 discordias
1569 1191 1588 1223 2

132 1242 344 1281 simultates
365 1255 452 1281 cum
473 1242 650 1281 hostibus
671 1243 913 1291 exercebant,
937 1243 1037 1281 cives
1059 1255 1146 1281 cum
1169 1242 1316 1281 civibus
1338 1241 1385 1280 de
1404 1241 1547 1280 virtute

131 1298 341 1338 certabant.
381 1299 421 1337 in
443 1298 645 1349 suppliciis
667 1298 829 1337 deorum
850 1298 1057 1349 magnifici,
1079 1298 1183 1336 domi
1205 1298 1325 1349 parci,
1343 1298 1383 1337 111
1401 1296 1545 1337 amicos

129 1355 260 1394 fideles
282 1360 403 1393 erant.
451 1355 599 1394 duabus
620 1355 680 1393 his
701 1355 870 1402 artibus,
891 1355 1048 1394 audacia
1072 1355 1111 1393 in
1131 1354 1247 1401 bello,
1270 1353 1337 1392 ubi
1363 1366 1437 1404 pax
1459 1366 1545 1393 eve·
1569 1360 1588 1393 3

129 1417 240 1450 nerat
259 1411 450 1461 aequitate
466 1423 586 1462 seque
601 1423 762 1462 remque
779 1411 973 1462 publicam
990 1410 1189 1449 curabant.
1232 1422 1396 1461 quarum
1412 1421 1545 1448 rerum
1569 1416 1590 1448 4

130 1479 201 1518 ego
221 1479 399 1505 maxuma
421 1467 652 1506 documenta
682 1468 776 1505 haec
796 1467 939 1512 habeo,
972 1467 1075 1517 quod
1096 1466 1136 1504 in
1158 1466 1258 1504 bello
1285 1466 1439 1516 saepius
1459 1465 1546 1503 vin-

131 1523 298 1562 dicatum
320 1528 377 1562 est
397 1524 436 1561 in
460 1535 546 1571 005,
569 1523 636 1573 qui
659 1528 790 1562 contra
813 1523 1021 1574 imperium
1042 1522 1081 1560 in
1103 1522 1253 1560 hostem
1278 1527 1548 1572 pugnaverant

131 1580 276 1631 quique
309 1579 457 1618 tardius
492 1580 658 1618 revocati
692 1578 840 1630 proelio
876 1583 1141 1625 excesserant,
1180 1590 1295 1629 quam
1329 1578 1394 1629 qui
1436 1577 1546 1628 signa

128 1636 352 1686 relinquere
380 1641 446 1674 aut
475 1635 579 1686 pulsi
598 1635 684 1674 loco
706 1635 842 1674 cedere
863 1636 947 1674 ausi
969 1640 1099 1682 eraut3
1123 1634 1161 1673 in
1191 1647 1285 1685 pace
1306 1647 1416 1682 vero,
1440 1634 1546 1685 quod
1568 1641 1587 1672 5

127 1691 318 1731 benificiis
359 1691 481 1742 inagis
515 1703 628 1742 quam
667 1696 773 1730 metu
809 1691 1015 1754 imperium
1055 1690 1268 1741 agitabant,
1310 1696 1348 1730 et
1387 1697 1545 1742 accepta

129 1748 270 1787 iniuria
291 1749 494 1799 ignoscere
516 1760 631 1799 quam
652 1748 835 1798 persequi
855 1747 1059 1786 malebant.

243 1805 318 1843 Sed
340 1804 406 1843 ubi
427 1804 558 1842 labore
579 1809 693 1854 atque
714 1803 859 1842 iustitia
879 1815 941 1842 res
962 1803 1118 1854 publiea
1139 1803 1269 1850 crevit,
1286 1814 1399 1853 leges
1413 1802 1544 1853 magni
1568 1806 1617 1840 10

127 1860 228 1900 bello
251 1860 398 1907 domiti,
421 1861 598 1902 nationes
618 1860 721 1898 ferae
740 1865 777 1898 et
799 1859 934 1910 populi
957 1859 1135 1910 ingentes
1155 1859 1190 1897 vi
1206 1832 1367 1906 subacti,
1386 1857 1544 1897 Cartha-

130 1929 177 1967 go
207 1917 354 1955 aemula
383 1915 522 1966 imperi
550 1915 713 1955 Romani
741 1915 787 1954 ab
818 1917 938 1966 stirpe
970 1915 1138 1963 interiit,
1161 1922 1300 1954 cuncta
1324 1914 1443 1953 maria
1464 1919 1544 1952 ter-

128 1984 272 2023 raeque
301 1971 503 2024 patebant:
535 1972 679 2011 saevire
699 1972 856 2011 fortuna
876 1985 920 2010 ac
939 1972 1101 2010 miscere
1124 1971 1252 2010 omnia
1274 1971 1416 2022 coepit.
1477 1970 1544 2022 qui
1566 1976 1586 2010 2

128 2028 295 2076 labores,
316 2027 500 2079 pericula,
522 2027 657 2066 dubias
676 2033 791 2079 atque
813 2040 967 2079 asperas
989 2040 1051 2067 res
1073 2028 1184 2067 facile
1199 2027 1469 2075 toleraverant,
1488 2027 1542 2066 eis

131 2085 251 2124 otium
274 2084 438 2132 divitiae,
462 2084 627 2135 optanda
648 2084 751 2133 alias,
769 2085 878 2123 oneri
895 2084 1150 2135 miseriaeque
1167 2085 1288 2123 suere.
1330 2083 1543 2135 igiturpri-
1567 2089 1586 2121 3

221 2241 239 2270 3
265 2239 413 2272 hostium
437 2250 471 2281 p,
495 2239 624 2272 hostias
648 2239 761 2282 Ρ1112
796 2240 854 2283 qui
886 2250 924 2273 ea
958 2240 1066 2272 secere
1092 2239 1148 2272 PC
1178 2240 1254 2279 (sed
1277 2242 1310 2271 in
1337 2240 1367 2271 P
1390 2249 1427 2271 ea
1454 2241 1543 2272 ectr.

130 2295 217 2317 vers.
235 2295 342 2316 manu
361 2287 482 2326 prima
507 2284 679 2317 adiectum
695 2285 873 2326 videtum:
898 2295 936 2318 ea
962 2295 1026 2318 om.
1046 2296 1075 2326 z,
1100 2285 1242 2318 Hieron.
1261 2287 1352 2316 vitae
1370 2284 1542 2316 Hilarion.

131 2330 150 2362 1
176 2329 220 2368 cf.
244 2330 277 2370 3,
297 2331 326 2370 1,
351 2330 426 2371 Ing.
445 2330 499 2370 31,
517 2329 560 2361 ‘W'
544 2330 586 2373 11
605 2339 678 2362 eam
704 2341 749 2361 eoe
775 2330 801 2362 C
821 2341 923 2371 ῖιηιι3,
948 2331 1088 2362 Hieron.
1109 2330 1127 2363 I.
1151 2341 1176 2363 e.
1197 2328 1241 2368 of.
1256 2329 1427 2371 Vopiscus
1442 2329 1544 2362 Proh.

131 2376 161 2416 1,
186 2384 225 2407 ea
243 2373 299 2407 PC
310 2375 322 2416 11
342 2376 381 2408 21
411 2375 525 2407 amicis
541 2386 560 2405 z
580 2374 591 2416 11
607 2377 649 2408 26
666 2375 791 2418 praelio
809 2375 873 2416 PC,
896 2375 987 2408 bello
1007 2375 1033 2408 C
1049 2375 1060 2417 11
1077 2376 1118 2408 28
1136 2375 1243 2416 magis
1260 2384 1360 2417 quam
1378 2374 1412 2414 C,
1436 2374 1543 2425 inagis

130 2429 195 2452 om
220 2417 304 2462 Pon
321 2421 359 2453 31
397 2419 502 2452 dimili
528 2418 583 2461 ΡΙΙ
600 2419 753 2461 ingentes
785 2430 848 2452 om.
874 2421 904 2452 P
930 2424 964 2451 et
993 2430 1085 2451 unus
1114 2431 1159 2452 ex
1185 2419 1296 2461 01133
1333 2429 1371 2451 ac
1403 2418 1543 2451 miscere

130 2464 241 2497 omnia
255 2474 321 2496 om.
338 2465 420 2497 Pss.
437 2476 459 2507 p
480 2467 559 2496 teste
579 2445 653 2497 lif
665 2463 675 2508 11
696 2466 736 2497 35
757 2465 893 2497 diuitiae
910 2465 973 2505 PC,
999 2465 1204 2508 diuitiaeque
1224 2463 1278 2507 011
1295 2463 1442 2506 optanda
1459 2463 1542 2496 alias

129 2509 166 2550 P,
191 2508 357 2552 optandae
382 2509 455 2542 aliis
483 2509 508 2542 C
529 2511 598 2541 nist·
619 2510 712 2551 quod
729 2510 875 2553 optanda
893 2510 957 2542 alia
983 2521 1072 2542 arms
