1709 2885
58 1153 95 1184 10

56 1434 92 1466 15

52 1716 91 1748 20

50 1997 89 2029 25

49 2279 90 2311 30

678 259 1015 299 SALLLUSTIUS

298 362 299 365 ’
366 349 462 395 AD
525 349 984 395 CAESAREM
1044 349 1324 395 SENEM

600 450 673 495 DE
709 450 782 495 RE
820 449 1074 496 PUBLICA.

723 548 946 592 ORATIO.

241 639 316 678 Pro
337 653 434 686 vero,
448 646 559 679 antea
581 639 779 691 optinebat
800 651 918 690 regna
940 645 1055 689 atque
1076 639 1236 689 imperia
1259 639 1452 678 fortunam
1476 639 1544 678 do·
1567 647 1589 680 1
1617 645 1641 682 I

127 708 178 734 no
201 696 302 743 dare,
334 697 424 735 item
455 697 525 735 alia
558 709 656 747 quae
690 708 760 747 per
787 696 984 734 mortaleis
1014 695 1120 733 avide
1150 695 1376 746 cupiuntur,
1399 696 1488 746 quia
1511 702 1548 735 et

126 753 228 803 apud
252 753 433 803 indignos
464 765 579 803 saepe
609 757 719 791 erant
748 752 855 802 quasi
879 764 948 802 per
976 751 1177 790 libidinem
1207 751 1291 790 data
1314 764 1442 802 neque
1465 752 1548 791 cui-

127 821 240 861 quam
271 809 495 859 incorrupta
526 813 831 859 permanserant.
874 808 940 846 sed
971 820 1032 846 res
1061 808 1194 846 docuit
1221 808 1258 846 id
1293 820 1426 847 verum
1449 821 1546 857 esse,
1570 817 1589 848 2

126 865 230 915 quod
252 864 291 903 in
315 864 550 904 carminibus
579 864 729 916 Appius
758 865 821 910 ait,
843 864 993 902 fabrum
1033 876 1117 902 esse
1139 876 1231 902 suae
1253 877 1447 915 quemque
1468 865 1547 903 for-

125 926 253 968 tunae,
275 927 390 972 atque
411 921 451 959 in
474 926 511 959 te
532 933 729 968 maxume,
753 921 819 971 qui
848 926 997 959 tantum
1029 920 1124 958 alios
1146 933 1398 971 praegressus
1420 933 1480 969 es,
1504 926 1548 959 ut

123 976 233 1027 prius
250 977 390 1016 defessi
412 978 491 1016 sint
506 977 685 1016 homines
700 977 890 1016 laudando
908 978 1003 1015 facta
1023 981 1085 1014 tua
1104 989 1218 1027 quam
1234 982 1275 1015 tu
1298 977 1410 1016 laude
1433 978 1547 1027 digna

122 1033 319 1072 faciundo.
366 1038 539 1072 ceterum
567 1039 611 1072 ut
640 1033 821 1072 fabricata
852 1034 908 1071 sic
936 1033 1076 1071 virtute
1105 1038 1211 1084 parta
1253 1046 1367 1084 quam
1408 1046 1547 1084 magna
1569 1041 1587 1073 3

125 1089 314 1128 industria
335 1090 490 1128 haherei
513 1090 635 1136 decet,
658 1102 706 1128 ne
727 1089 878 1128 incuria
899 1090 1168 1128 deformentur
1188 1096 1254 1128 aut
1274 1096 1466 1128 conruant
1486 1091 1548 1128 in—

125 1146 285 1185 firmata.
326 1159 440 1185 nemo
463 1146 565 1184 enim
588 1146 696 1185 alteri
718 1146 924 1196 imperium
946 1146 1079 1184 volens
1101 1145 1281 1184 concedit
1302 1152 1352 1195 et,
1374 1146 1547 1196 quamvis
1568 1154 1588 1186 4

123 1202 252 1241 honus
273 1207 387 1253 atque
419 1203 591 1241 clemens
624 1202 685 1250 sit,
709 1203 774 1253 qui
803 1202 890 1253 plus
912 1207 1041 1253 potest
1062 1208 1204 1250 tamen,
1228 1203 1317 1253 quia
1338 1202 1438 1241 malo
1461 1215 1545 1241 esse

122 1259 224 1305 licet,
256 1259 520 1298 formeidatur.
562 1258 599 1297 id
629 1271 674 1297 eo
704 1259 845 1306 evenit,
875 1258 964 1309 quia
993 1258 1172 1309 plerique
1202 1271 1334 1297 rerum
1365 1263 1545 1309 potentes
1569 1267 1588 1298 5

122 1327 306 1377 pervorse
328 1315 540 1354 consulunt
568 1320 605 1354 et
635 1327 679 1353 eo
709 1328 750 1354 se
772 1315 1003 1353 munitiores
1032 1320 1183 1365 putant,
1206 1327 1282 1365 quo
1305 1315 1380 1353 illei
1405 1315 1547 1366 quibus

123 1371 346 1422 imperitant
367 1372 578 1422 nequiores
608 1372 728 1410 fuere.
770 1376 807 1410 at
836 1377 967 1410 contla
998 1371 1035 1409 id
1067 1371 1159 1410 eniti
1192 1371 1322 1419 decet,
1353 1371 1547 1422 cumipse
1569 1378 1587 1411 6

122 1427 250 1466 bonus
271 1434 385 1478 atque
406 1434 591 1467 strenuus
613 1428 678 1474 sis,
695 1427 751 1466 uti
777 1440 890 1478 quam
913 1427 1070 1478 optimis
1091 1428 1303 1478 imperites.
1345 1440 1431 1466 nam
1457 1440 1547 1478 pes-

122 1496 257 1523 sumus
279 1484 444 1535 quisque
466 1496 691 1535 asperrume
705 1490 897 1522 rectorem
920 1484 1075 1534 patitur.
1118 1485 1183 1522 sed
1206 1483 1274 1522 tibi
1296 1484 1370 1522 hoc
1393 1484 1546 1534 gravius
1569 1492 1587 1522 7

122 1546 194 1589 est,
217 1553 330 1592 quam
353 1546 441 1579 ante
461 1545 498 1579 te
529 1540 724 1587 omnihus,
745 1540 861 1578 armis
878 1545 986 1590 parta
1003 1552 1251 1590 componere,
1274 1540 1377 1591 quod
1400 1540 1545 1578 bellum
1567 1548 1586 1580 8

122 1597 285 1636 aliorum
307 1609 400 1648 pace
422 1597 578 1635 mollius
609 1596 771 1646 gessisti.
813 1596 858 1635 ad
888 1597 963 1634 hoc
993 1596 1158 1634 victores
1188 1597 1369 1647 praedam
1391 1602 1545 1647 petunt,

121 1653 209 1692 victi
231 1654 331 1692 cives
353 1659 457 1692 sunt.
506 1654 607 1692 inter
627 1653 695 1691 has
718 1652 963 1690 difficultates
993 1653 1231 1690 evadendum
1254 1660 1311 1691 est
1339 1653 1408 1691 tibi
1429 1657 1545 1703 atque

121 1710 162 1748 in
183 1716 385 1760 posterum
405 1710 592 1748 firmanda
613 1721 675 1747 res
696 1708 849 1759 publica
876 1721 956 1746 non
979 1709 1094 1746 armis
1124 1709 1239 1747 modo
1263 1721 1391 1759 neque
1412 1710 1545 1748 advor-

120 1778 206 1805 sum
228 1766 365 1813 hostis‚
395 1766 475 1813 sed,
509 1766 613 1816 quod
644 1765 765 1803 multo
787 1764 989 1815 multoque
1011 1764 1187 1815 asperius
1209 1770 1279 1811 est,
1302 1764 1408 1815 pacis
1429 1764 1544 1803 bonis

119 1822 278 1861 artibus.
328 1834 420 1872 ergo
451 1834 586 1860 omnes
615 1833 753 1871 magna
789 1820 974 1859 mediocri
1005 1820 1191 1871 sapientia
1223 1833 1286 1859 res
1317 1822 1393 1859 huc
1422 1826 1541 1869 vocat,
1565 1829 1585 1861 9

119 1890 219 1929 quae
250 1878 415 1929 quisque
447 1883 603 1928 optuma
633 1883 772 1928 potest,
802 1877 881 1915 utei
914 1877 1055 1915 dicant.
1095 1889 1140 1915 ac
1167 1877 1263 1916 mihi
1293 1877 1349 1915 sic
1368 1877 1539 1916 videtur:
1567 1886 1604 1917 10

120 1934 417 1985 qualeicumque
453 1934 568 1972 modo
596 1938 637 1972 tu
668 1933 864 1972 victoriam
896 1933 1200 1983 composuereis,
1231 1933 1281 1972 ita
1311 1933 1383 1971 alia
1413 1933 1541 1972 omnia

120 1991 263 2030 futura.
307 1991 373 2029 sed
403 1990 490 2039 iam,
512 2002 590 2040 quo
611 1990 750 2029 melius
779 1989 1008 2039 faciliusque
1031 1990 1265 2036 constituas,
1287 1990 1422 2040 paucis
1444 2003 1542 2041 quae
1566 1995 1589 2030 2

118 2059 180 2086 me
200 2047 354 2085 animus
375 2051 507 2085 monet
526 2046 669 2097 accipe.

230 2103 380 2142 Bellum
411 2102 479 2142 tibi
501 2103 585 2150 fuit,
607 2103 831 2153 imperator,
854 2115 942 2141 cum
963 2103 1121 2141 homine
1144 2102 1261 2150 claro,
1283 2103 1434 2153 magnis
1457 2102 1542 2153 opi·
1565 2110 1584 2142 2

117 2160 204 2207 bus,
226 2159 334 2198 avido
352 2159 560 2210 potentiae,
577 2158 722 2197 maiore
742 2159 898 2198 fortuna
920 2171 1034 2210 quam
1058 2158 1258 2210 sapientia,
1281 2171 1396 2209 quem
1419 2159 1543 2198 secuti

118 2222 211 2256 sunt
231 2215 346 2267 pauci
367 2227 438 2266 per
459 2228 566 2254 suam
583 2215 764 2254 iniuriam
778 2215 845 2254 tibi
867 2216 1027 2263 inimici,
1050 2216 1141 2254 item
1159 2227 1257 2266 quos
1278 2215 1455 2254 adfinitas
1477 2220 1542 2253 aut

119 2272 189 2312 alia
220 2272 466 2311 necessitudo
495 2272 621 2310 traxit.
663 2284 749 2310 nam
780 2273 975 2323 particeps
1005 2272 1280 2310 dominationis
1318 2284 1447 2322 neque
1467 2271 1541 2310 fuit
1564 2279 1583 2311 3

119 2329 324 2380 quisquam
349 2340 488 2378 neque,
506 2327 538 2366 si
555 2327 633 2379 pati
650 2328 853 2379 potuisset⁷
875 2329 981 2367 orbis
996 2334 1187 2367 terrarum
1202 2328 1304 2367 bello
1323 2340 1540 2367 concussus

117 2385 230 2424 foret.
273 2392 399 2424 cetera
415 2384 623 2422 multitudo
640 2384 739 2435 volgi
756 2397 864 2423 more
880 2385 1001 2434 magis
1024 2397 1136 2435 quam
1155 2384 1311 2433 iudicio,
1333 2390 1422 2435 post
1442 2384 1541 2423 alius
1562 2392 1582 2424 4

209 2471 688 2506 SALLUSTIUs—ORATIO
714 2474 898 2515 inscripsi:
927 2472 983 2505 AD
1009 2471 1238 2505 CAESAREM
1265 2470 1450 2504 SENEM:-
1487 2470 1541 2503 DE

118 2528 357 2562 REPUBLICA
386 2519 508 2561 INGffi.
527 2518 705 2561 FELIGTT:
733 2529 769 2561 V
787 2528 800 2572 11
826 2531 841 2562 ‘l
870 2528 1003 2562 fortuna
1030 2528 1066 2561 V
1086 2527 1098 2570 ΙΙ
1128 2531 1147 2562 6
1185 2539 1220 2561 es
1244 2530 1282 2560 in
1306 2539 1375 2560 ras,
1401 2527 1437 2560 V
1454 2527 1467 2572 ΙΙ
1498 2530 1537 2561 21

118 2575 226 2608 maius
249 2577 329 2617 post
350 2574 457 2607 multo
483 2576 588 2606 inser.
614 2574 689 2607 edd.
714 2578 793 2607 vett.
810 2573 821 2619 ΙΙ
848 2576 888 2607 22
912 2574 1071 2607 mediocri
1096 2574 1285 2615 Asnlamcs,
1310 2572 1487 2606 mediocris
1511 2573 1548 2606 V

1221 2630 1262 2662 9*
