1709 2885
191 85 244 126 32
695 89 730 123 C.
748 87 953 122 SALLUSTI
977 87 1114 123 CRISPI

129 198 172 232 23
192 192 267 231 mia
296 189 454 230 ambitio
484 190 671 243 possidet.
729 203 859 243 neque
887 191 1044 231 mirum.
1103 191 1168 232 ubi
1198 203 1265 232 vos
1293 192 1502 244 separatim
1536 191 1612 231 sibi
1675 201 1680 226 ’-

193 248 361 300 quisque
390 247 597 287 consilium
619 247 777 299 capitis,
807 247 874 286 ubi
895 247 998 287 domi
1026 248 1308 300 voluptatibus,
1337 248 1402 288 hic
1422 248 1612 300 pecuniae

193 311 259 344 aut
280 303 424 355 gratiae
443 304 595 343 servitis
609 335 618 352 ,
651 316 697 343 eo
718 304 761 343 fit
779 310 823 343 ut
843 303 1012 355 impetus
1031 305 1096 344 fiat
1127 305 1166 343 in
1188 316 1345 343 vacuam
1365 317 1447 344 rem
1476 303 1611 356 publi-

131 369 168 402 24
193 372 290 399 cam.
347 360 415 400 sed
438 372 510 411 ego
540 360 635 399 haec
665 361 813 400 omitto.
873 360 1124 400 coniuravere
1146 360 1392 400 nobilissumi
1420 360 1522 400 cives
1542 373 1612 412 pa-

193 416 305 456 triam
320 416 542 466 incendere,
565 416 763 456 Gallorum
780 421 934 466 gentem
951 417 1253 457 infestissumam
1269 416 1420 456 nomini
1434 416 1612 456 Romano

193 472 241 512 ad
260 472 406 512 bellum
427 479 642 512 arcessunt.
679 473 755 512 dux
776 473 947 512 hostium
969 485 1058 512 cum
1073 474 1245 514 exercitu
1261 484 1381 525 supra
1401 479 1521 526 caput
1540 478 1611 512 est.

129 537 171 571 25
195 541 262 568 vos
285 529 524 568 cunctamini
554 529 666 568 etiam
699 541 806 568 nunc
827 535 864 568 et
883 529 1088 578 dubitatis,
1121 530 1213 582 quid
1234 530 1335 569 intra
1356 529 1510 569 moenia
1540 529 1610 569 de-

129 593 170 627 26
195 586 349 637 prensis
371 585 549 625 hostibus
568 584 744 625 faciatis?
775 585 1037 626 misereamini
1059 599 1200 626 censeo
1231 609 1286 615 -
1311 585 1510 637 deliquere
1539 585 1613 624 ho-

195 643 320 681 mines
340 641 622 681 adulescentuli
644 654 714 693 per
734 641 985 682 ambitionem
1005 666 1060 671 —
1081 649 1195 694 atque
1225 642 1338 681 etiam
1365 648 1533 682 armatos
1555 641 1612 680 di·

130 706 169 739 27
194 698 375 746 mittatis,
406 711 456 738 ne
477 698 547 737 ista
577 698 686 737 vobis
716 700 973 738 mansuetudo
1005 705 1042 738 et
1062 699 1347 747 misericordia,
1379 698 1411 738 si
1433 698 1488 738 illi
1507 709 1614 737 arma

131 762 171 796 28
195 754 384 807 ceperint,
407 754 446 793 in
468 755 662 793 miseriam
684 760 895 794 convertat.
936 755 1086 795 scilicet
1106 769 1169 795 res
1191 756 1274 807 ipsa
1294 766 1432 806 aspera
1452 760 1522 802 est,
1544 753 1614 793 sed

194 823 262 850 vos
283 823 362 850 non
385 811 529 850 timetis
549 823 645 850 eam.
687 811 804 850 immo
827 824 916 850 vero
937 824 1126 852 maxume.
1167 812 1235 851 sed
1257 811 1394 851 inertia
1415 816 1454 850 et
1483 809 1613 850 molli-

195 868 246 907 tia
263 867 381 906 animi
403 867 501 906 alius
519 867 637 907 alium
654 874 902 919 expectantes
921 868 1171 915 cunctamini,
1192 867 1370 907 videlicet
1389 867 1448 906 dis
1465 867 1613 906 inmor-

194 923 338 964 talibus
359 923 519 973 confisi,
551 925 618 976 qui
639 924 741 964 hanc
762 937 844 964 rem
866 924 1060 976 publicam
1091 937 1205 976 saepe
1227 924 1265 963 in
1287 923 1477 963 maxumis
1507 922 1611 974 peri-

131 987 172 1020 29
195 980 294 1019 culis
315 992 526 1019 servavere.
578 993 657 1020 non
687 981 784 1020 votis
805 993 934 1032 neque
962 981 1168 1033 suppliciis
1188 979 1444 1019 muliebribus
1474 977 1614 1024 auxilia

196 1037 358 1076 deorum
389 1042 596 1088 parantur:
630 1037 823 1088 vigilando
854 1037 1008 1088 agundo
1033 1038 1133 1077 bene
1155 1035 1401 1076 consulundo
1425 1047 1614 1087 prospera

194 1094 324 1132 omnia
343 1094 499 1132 cedunt.
541 1093 608 1133 ubi
629 1094 829 1133 socordiae
849 1101 887 1133 te
906 1100 1022 1145 atque
1042 1093 1213 1144 ignaviae
1234 1092 1450 1140 tradideris,
1474 1090 1614 1142 nequi-

129 1156 170 1189 30
193 1162 309 1202 quani
330 1149 424 1189 deos
445 1150 639 1201 inplores:
668 1151 752 1190 irati
775 1150 983 1201 infestique
1005 1157 1109 1189 sunt.
1149 1149 1250 1200 apud
1271 1148 1438 1188 maiores
1460 1153 1615 1187 nostros

194 1208 238 1245 A.
260 1206 427 1245 Manlius
447 1206 669 1257 Torquatus
698 1207 799 1245 bello
822 1207 967 1246 Gallico
990 1207 1111 1245 filium
1133 1217 1270 1252 suum,
1299 1205 1405 1255 quod
1425 1204 1458 1243 is
1479 1210 1615 1243 contra

130 1269 168 1302 31
197 1263 403 1314 imperium
427 1263 466 1301 in
488 1263 638 1302 bostem
661 1269 919 1314 pugnaverat,
950 1263 1081 1301 necari
1111 1262 1247 1307 iussit,
1277 1267 1393 1312 atque
1414 1260 1479 1300 ille
1503 1271 1611 1310 egre-

197 1319 282 1370 gius
312 1319 543 1357 adulescens
574 1319 837 1358 inmoderatae
875 1318 1117 1358 fortitudinis
1147 1324 1274 1357 morte
1311 1329 1458 1368 poenas
1497 1316 1614 1356 dedit.

131 1381 171 1414 32
194 1387 261 1414 vos
283 1375 329 1413 de
351 1374 645 1414 crudelissumis
666 1375 870 1426 parricidis
892 1375 985 1426 quid
1007 1374 1181 1414 statuatis
1212 1370 1481 1413 cunctamini?
1510 1372 1616 1411 vide-

131 1438 171 1471 33
194 1431 286 1471 licet
306 1438 433 1470 cetera
454 1431 528 1471 vita
550 1444 687 1471 eorum
708 1432 799 1470 huic
821 1431 959 1470 sceleri
981 1431 1117 1470 obstat.
1166 1442 1298 1470 verum
1321 1429 1467 1481 parcite
1487 1428 1616 1479 digni-

194 1487 261 1527 tati
283 1487 459 1536 Lentuli,
484 1488 516 1526 si
538 1488 622 1539 ipse
643 1488 864 1539 pudicitiae,
886 1488 918 1526 si
940 1489 1061 1527 famae
1083 1500 1195 1534 suae,
1226 1487 1258 1525 si
1281 1486 1339 1525 dis
1359 1491 1425 1525 aut
1444 1484 1614 1524 homini-

194 1544 267 1582 bus
288 1556 472 1595 umquam
493 1544 583 1583 ullis
604 1545 791 1595 pepercit.
827 1544 1017 1594 ignoscite
1039 1542 1197 1594 Cethegi
1216 1541 1516 1593 adulescentiae,
1538 1541 1614 1580 nisi

130 1606 171 1639 34
195 1600 336 1639 iterum
368 1600 514 1651 patriae
543 1600 688 1639 bellum
710 1600 813 1639 fecit.
863 1612 951 1638 nam
974 1600 1067 1651 quid
1098 1612 1169 1650 ego
1201 1599 1247 1638 de
1269 1598 1432 1637 Gabinio
1463 1597 1614 1637 Statilio

196 1655 380 1708 Caepario
395 1655 561 1707 loquar?
584 1657 728 1707 quibus
750 1657 781 1695 si
799 1656 1008 1707 quicquam
1030 1668 1214 1707 umquam
1231 1655 1343 1707 pensi
1359 1654 1510 1701 suisset,
1533 1666 1615 1693 non

131 1719 170 1751 35
195 1725 238 1751 ea
269 1713 430 1752 consilia
460 1713 507 1752 de
537 1725 580 1751 re
610 1713 765 1764 publica
807 1713 1046 1752 habuissent.
1103 1718 1324 1764 postremo,
1355 1717 1484 1762 patres
1518 1722 1615 1749 con-

194 1769 352 1820 scripti,
374 1769 407 1808 si
428 1769 653 1809 mehercule
674 1774 834 1820 peccato
859 1768 968 1807 locus
991 1775 1103 1818 esset,
1134 1769 1246 1808 facile
1267 1774 1422 1819 paterer
1442 1779 1509 1805 vos
1530 1767 1615 1818 ipsa

194 1837 236 1864 re
257 1826 414 1876 corrigi,
437 1825 623 1877 quoniam
639 1825 754 1865 verba
771 1825 1034 1864 contemnitis.
1075 1825 1143 1863 sed
1165 1824 1338 1875 undique
1359 1822 1613 1863 circumventi

194 1894 343 1921 sumus.
386 1881 546 1921 Catilina
577 1894 666 1921 cum
688 1882 860 1921 exercitu
881 1881 1060 1920 faucibus
1081 1886 1216 1932 urget,
1246 1880 1309 1920 alii
1329 1880 1431 1920 intra
1458 1878 1615 1918 moenia

194 1944 310 1989 atque
342 1938 382 1977 in
413 1939 503 1978 sinu
535 1938 643 1977 urbis
673 1944 766 1977 sunt
794 1939 947 1985 hostes,
981 1950 1109 1989 neque
1140 1936 1266 1989 parari
1300 1948 1429 1988 neque
1459 1934 1615 1975 consuli

130 1999 171 2033 36
193 1995 403 2045 quicquam
432 2001 563 2046 potest
586 1994 756 2034 occulte:
789 2007 866 2046 quo
890 1995 1012 2046 magis
1043 1992 1334 2046 properandum
1365 1997 1435 2032 est.
1493 2003 1614 2044 quare

284 2118 303 2149 3
329 2116 485 2150 serm-us
503 2118 538 2152 P,
564 2117 699 2150 seruttis
717 2119 823 2157 ltpri.
839 2119 875 2148 in
898 2118 980 2150 ras.)
999 2114 1050 2158 ΓΙ
1078 2118 1097 2148 6
1123 2117 1297 2148 arcessunt
1310 2112 1374 2155 PC,
1400 2116 1614 2155 accersuntp

192 2164 230 2192 in
242 2171 368 2202 mar-gn,
386 2161 445 2205 Vll
465 2164 482 2194 7
509 2163 691 2195 etiamnum
705 2162 741 2194 V
755 2161 766 2205 Η
784 2161 957 2204 deprensis
970 2161 1035 2194 1²1⁵
1061 2187 1069 2202 ,
1091 2160 1308 2203 deprehensis
1329 2159 1384 2191 vel
1396 2158 1616 2201 adprehensis

195 2205 221 2238 C
238 2206 250 2248 ΙΙ
268 2207 286 2238 ὅ
301 2207 524 2240 misereamini
541 2207 606 2249 PC,
631 2207 832 2240 miseremini
849 2206 911 2239 I‘C
923 2208 935 2249 1]
961 2209 990 2239 11
1016 2209 1191 2238 conuertat
1207 2204 1305 2246 PVC,
1329 2207 1545 2236 conuertatur
1563 2201 1616 2245 0}
1670 2209 1676 2212 ’

195 2253 235 2285 13
254 2252 500 2285 immortalibus
524 2264 570 2285 ea:
586 2252 772 2285 inmortalis
790 2253 819 2284 P
833 2252 844 2295 11
866 2254 902 2285 15
927 2261 1035 2294 neque
1050 2250 1119 2291 I'C,
1144 2255 1246 2294 atque
1265 2249 1299 2289 C,
1324 2259 1433 2291 neque
1451 2259 1496 2280 ea·
1513 2252 1615 2291 atque

191 2296 246 2339 ΡΙΙ
270 2300 307 2331 16
327 2307 485 2340 prospera
503 2298 613 2330 omnia
632 2297 696 2339 PC,
721 2307 879 2341 prospere
905 2297 1015 2329 omnia
1035 2295 1104 2339 190,
1129 2295 1239 2328 omnia
1257 2303 1415 2338 prospera
1433 2293 1488 2325 vel
1503 2293 1615 2326 omnia

192 2352 353 2384 prospere
378 2354 424 2374 em
442 2342 468 2375 0
491 2344 680 2376 deteriores
696 2342 708 2386 ΙΙ
730 2345 770 2375 19
791 2342 887 2375 aulus
905 2345 967 2378 {sic
984 2343 1020 2382 Ρ,
1035 2343 1071 2374 Α.
1087 2341 1138 2382 V)
1155 2339 1253 2381 PVG,
1271 2343 1292 2372 t.
1311 2339 1367 2371 vel
1381 2348 1412 2380 g.
1430 2350 1449 2369 z
1465 2338 1478 2381 ll
1498 2338 1539 2372 23
1557 2347 1615 2371 ue-

190 2396 264 2419 rum
293 2386 327 2425 C,
352 2398 432 2421 uero
458 2388 571 2429 PVCH
591 2390 635 2422 24
659 2391 715 2421 aut
733 2386 797 2429 PC,
823 2392 923 2429 atque
947 2398 969 2429 p
996 2389 1033 2418 in
1057 2396 1183 2428 marg„
1207 2384 1292 2427 VCfl
1312 2385 1354 2418 26
1380 2384 1499 2416 iterum
1515 2383 1614 2425 PVC,

191 2431 313 2464 iterum
337 2432 402 2465 iam
423 2433 449 2465 C
462 2435 474 2477 ΙΙ
494 2433 621 2467 statilio
639 2433 773 2476 gabinio
792 2432 827 2465 l·
841 2431 853 2475 ll
870 2434 911 2465 29
930 2432 1133 2464 mehercule.
1156 2433 1185 2472 (s
1203 2431 1304 2467 eras)
1323 2430 1353 2461 P
1367 2428 1379 2470 ΙΙ
1396 2430 1435 2461 31
1460 2427 1615 2461 faucibus

192 2477 304 2515 (veliti
325 2477 490 2514 saucibus)
508 2479 620 2512 italiae
639 2481 734 2522 urget
752 2489 782 2516 z,
800 2478 832 2510 in
852 2477 1003 2509 faucibus
1021 2477 1171 2510 Etruriae
1187 2475 1256 2517 agit
1274 2474 1450 2506 Lina-erus
1465 2473 1612 2506 Emend.

193 2522 278 2555 Sall.
294 2534 327 2565 p.
343 2524 385 2557 18
403 2522 415 2566 ΙΙ
433 2526 473 2557 32
501 2525 532 2556 in
558 2525 630 2557 sinu
657 2523 748 2556 urbis
765 2522 828 2563 PC,
854 2522 945 2555 urbis=
971 2533 1037 2555 om.
1051 2522 1095 2554 l':
1119 2522 1152 2554 in
1170 2523 1286 2554 senatu
1301 2518 1478 2551 Lz’nkerus
1495 2518 1516 2552 l.
1530 2529 1559 2552 c.
1576 2521 1616 2551 at

193 2578 222 2600 v.
243 2568 355 2601 Herm.
375 2568 534 2610 1,·235.s·s.
552 2569 564 2613 Η
585 2572 626 2603 33
652 2572 765 2612 potest
790 2567 921 2601 occulte
945 2567 1009 2608 PC,
1035 2566 1166 2601 occulte
1190 2568 1301 2608 potest
1329 2563 1391 2597 VC
