<?xml version="1.0" encoding="UTF-8"?>
<!DOCTYPE html PUBLIC "-//W3C//DTD XHTML 1.0 Transitional//EN"
    "http://www.w3.org/TR/xhtml1/DTD/xhtml1-transitional.dtd">
<html xmlns="http://www.w3.org/1999/xhtml" xml:lang="en" lang="en">
 <head>
  <title>
</title>
<meta http-equiv="Content-Type" content="text/html;charset=utf-8" />
  <meta name='ocr-system' content='tesseract 3.04.00' />
  <meta name='ocr-capabilities' content='ocr_page ocr_carea ocr_par ocr_line ocrx_word'/>
</head>
<body>
  <div class='ocr_page' id='page_1' title='image "./catilinajugurtha00salluoft_0135.png"; bbox 0 0 1709 2885; ppageno 0'>
   <div class='ocr_carea' id='block_1_1' title="bbox 37 721 74 752">
    <p class='ocr_par' dir='ltr' id='par_1_1' title="bbox 37 721 74 752">
     <span class='ocr_line' id='line_1_1' title="bbox 37 721 74 752; baseline 0 0"><span class='ocrx_word' id='word_1_1' title='bbox 37 721 74 752; x_wconf 91' lang='lat'><strong>10</strong></span> 
     </span>
    </p>
   </div>
   <div class='ocr_carea' id='block_1_2' title="bbox 35 1003 73 1034">
    <p class='ocr_par' dir='ltr' id='par_1_2' title="bbox 35 1003 73 1034">
     <span class='ocr_line' id='line_1_2' title="bbox 35 1003 73 1034; baseline 0 0"><span class='ocrx_word' id='word_1_2' title='bbox 35 1003 73 1034; x_wconf 85' lang='lat'><strong>15</strong></span> 
     </span>
    </p>
   </div>
   <div class='ocr_carea' id='block_1_3' title="bbox 33 1285 73 1317">
    <p class='ocr_par' dir='ltr' id='par_1_3' title="bbox 33 1285 73 1317">
     <span class='ocr_line' id='line_1_3' title="bbox 33 1285 73 1317; baseline 0 0"><span class='ocrx_word' id='word_1_3' title='bbox 33 1285 73 1317; x_wconf 88' lang='grc'><strong>20</strong></span> 
     </span>
    </p>
   </div>
   <div class='ocr_carea' id='block_1_4' title="bbox 31 1566 70 1598">
    <p class='ocr_par' dir='ltr' id='par_1_4' title="bbox 31 1566 70 1598">
     <span class='ocr_line' id='line_1_4' title="bbox 31 1566 70 1598; baseline 0 0"><span class='ocrx_word' id='word_1_4' title='bbox 31 1566 70 1598; x_wconf 81' lang='lat'><strong>25</strong></span> 
     </span>
    </p>
   </div>
   <div class='ocr_carea' id='block_1_5' title="bbox 558 94 1516 134">
    <p class='ocr_par' dir='ltr' id='par_1_5' title="bbox 558 94 1516 134">
     <span class='ocr_line' id='line_1_5' title="bbox 558 94 1516 134; baseline 0 0"><span class='ocrx_word' id='word_1_5' title='bbox 558 101 612 134; x_wconf 91' lang='lat' dir='ltr'><strong>DE</strong></span> <span class='ocrx_word' id='word_1_6' title='bbox 636 101 770 134; x_wconf 90' lang='lat' dir='ltr'><strong>BELLO</strong></span> <span class='ocrx_word' id='word_1_7' title='bbox 793 99 1058 134; x_wconf 86' lang='lat' dir='ltr'>IUGURTHINO</span> <span class='ocrx_word' id='word_1_8' title='bbox 1435 94 1516 134; x_wconf 85' lang='lat'><strong>107</strong></span> 
     </span>
    </p>
   </div>
   <div class='ocr_carea' id='block_1_6' title="bbox 96 203 1614 1844">
    <p class='ocr_par' dir='ltr' id='par_1_6' title="bbox 96 203 1612 1717">
     <span class='ocr_line' id='line_1_6' title="bbox 105 203 1517 258; baseline -0.004 -12"><span class='ocrx_word' id='word_1_9' title='bbox 105 207 168 247; x_wconf 91' lang='lat' dir='ltr'><strong>nia</strong></span> <span class='ocrx_word' id='word_1_10' title='bbox 189 219 288 258; x_wconf 89' lang='lat' dir='ltr'><strong>quae</strong></span> <span class='ocrx_word' id='word_1_11' title='bbox 308 206 595 258; x_wconf 84' lang='lat' dir='ltr'><strong>imperarentur</strong></span> <span class='ocrx_word' id='word_1_12' title='bbox 614 207 753 254; x_wconf 88' lang='lat' dir='ltr'><strong>facere,</strong></span> <span class='ocrx_word' id='word_1_13' title='bbox 775 205 842 245; x_wconf 90' lang='lat' dir='ltr'><strong>sed</strong></span> <span class='ocrx_word' id='word_1_14' title='bbox 861 204 983 244; x_wconf 91' lang='lat' dir='ltr'><strong>Mario</strong></span> <span class='ocrx_word' id='word_1_15' title='bbox 1003 216 1142 256; x_wconf 89' lang='lat' dir='ltr'><strong>parum</strong></span> <span class='ocrx_word' id='word_1_16' title='bbox 1163 203 1378 243; x_wconf 89' lang='lat' dir='ltr'><strong>confidere:</strong></span> <span class='ocrx_word' id='word_1_17' title='bbox 1401 214 1517 254; x_wconf 81' lang='lat' dir='ltr'>saepe</span> 
     </span>
     <span class='ocr_line' id='line_1_7' title="bbox 104 259 1517 315; baseline -0.004 -13"><span class='ocrx_word' id='word_1_18' title='bbox 104 269 215 302; x_wconf 89' lang='lat' dir='ltr'><strong>antea</strong></span> <span class='ocrx_word' id='word_1_19' title='bbox 233 275 323 302; x_wconf 87' lang='lat' dir='ltr'><strong>cum</strong></span> <span class='ocrx_word' id='word_1_20' title='bbox 351 262 649 315; x_wconf 82' lang='lat' dir='ltr'><strong>imperatoribus</strong></span> <span class='ocrx_word' id='word_1_21' title='bbox 669 262 854 301; x_wconf 86' lang='lat' dir='ltr'><strong>Romanis</strong></span> <span class='ocrx_word' id='word_1_22' title='bbox 878 273 1014 313; x_wconf 89' lang='lat' dir='ltr'><strong>pacem</strong></span> <span class='ocrx_word' id='word_1_23' title='bbox 1039 266 1268 299; x_wconf 80' lang='lat' dir='ltr'><strong>conventam</strong></span> <span class='ocrx_word' id='word_1_24' title='bbox 1287 259 1431 297; x_wconf 85' lang='lat' dir='ltr'><strong>frustra</strong></span> <span class='ocrx_word' id='word_1_25' title='bbox 1450 259 1517 297; x_wconf 89' lang='lat' dir='ltr'><strong>fu-</strong></span> 
     </span>
     <span class='ocr_line' id='line_1_8' title="bbox 103 317 1558 366; baseline -0.005 -7"><span class='ocrx_word' id='word_1_26' title='bbox 103 320 192 359; x_wconf 86' lang='lat' dir='ltr'><strong>isse.</strong></span> <span class='ocrx_word' id='word_1_27' title='bbox 243 326 415 358; x_wconf 87' lang='lat' dir='ltr'><strong>ceterum</strong></span> <span class='ocrx_word' id='word_1_28' title='bbox 445 319 621 359; x_wconf 90' lang='lat' dir='ltr'><strong>Bocchus</strong></span> <span class='ocrx_word' id='word_1_29' title='bbox 649 319 681 358; x_wconf 92' lang='lat' dir='ltr'><strong>si</strong></span> <span class='ocrx_word' id='word_1_30' title='bbox 710 318 897 358; x_wconf 90' lang='lat' dir='ltr'><strong>ambobus</strong></span> <span class='ocrx_word' id='word_1_31' title='bbox 920 317 1144 357; x_wconf 88' lang='lat' dir='ltr'><strong>consultum</strong></span> <span class='ocrx_word' id='word_1_32' title='bbox 1173 322 1211 356; x_wconf 88' lang='lat' dir='ltr'><strong>et</strong></span> <span class='ocrx_word' id='word_1_33' title='bbox 1238 321 1360 354; x_wconf 88' lang='lat' dir='ltr'><strong>ratam</strong></span> <span class='ocrx_word' id='word_1_34' title='bbox 1380 327 1516 366; x_wconf 88' lang='lat' dir='ltr'><strong>pacem</strong></span> <span class='ocrx_word' id='word_1_35' title='bbox 1538 321 1558 352; x_wconf 89' lang='lat'><strong>3</strong></span> 
     </span>
     <span class='ocr_line' id='line_1_9' title="bbox 104 371 1516 428; baseline -0.004 -13"><span class='ocrx_word' id='word_1_36' title='bbox 104 376 236 425; x_wconf 89' lang='lat' dir='ltr'><strong>vellet,</strong></span> <span class='ocrx_word' id='word_1_37' title='bbox 258 376 366 415; x_wconf 87' lang='lat' dir='ltr'><strong>daret</strong></span> <span class='ocrx_word' id='word_1_38' title='bbox 385 389 542 428; x_wconf 82' lang='lat' dir='ltr'><strong>operam</strong></span> <span class='ocrx_word' id='word_1_39' title='bbox 571 381 615 415; x_wconf 88' lang='lat' dir='ltr'><strong>ut</strong></span> <span class='ocrx_word' id='word_1_40' title='bbox 643 388 720 414; x_wconf 90' lang='lat' dir='ltr'><strong>una</strong></span> <span class='ocrx_word' id='word_1_41' title='bbox 739 375 786 415; x_wconf 91' lang='lat' dir='ltr'><strong>ab</strong></span> <span class='ocrx_word' id='word_1_42' title='bbox 817 374 998 414; x_wconf 87' lang='lat' dir='ltr'><strong>omnibus</strong></span> <span class='ocrx_word' id='word_1_43' title='bbox 1020 374 1129 425; x_wconf 88' lang='lat' dir='ltr'><strong>quasi</strong></span> <span class='ocrx_word' id='word_1_44' title='bbox 1151 373 1197 412; x_wconf 87' lang='lat' dir='ltr'><strong>de</strong></span> <span class='ocrx_word' id='word_1_45' title='bbox 1217 385 1314 424; x_wconf 88' lang='lat' dir='ltr'><strong>pace</strong></span> <span class='ocrx_word' id='word_1_46' title='bbox 1334 373 1374 410; x_wconf 93' lang='lat' dir='ltr'><strong>in</strong></span> <span class='ocrx_word' id='word_1_47' title='bbox 1396 371 1516 410; x_wconf 84' lang='lat' dir='ltr'><strong>collo-</strong></span> 
     </span>
     <span class='ocr_line' id='line_1_10' title="bbox 104 428 1517 485; baseline -0.004 -13"><span class='ocrx_word' id='word_1_48' title='bbox 104 433 239 485; x_wconf 90' lang='lat' dir='ltr'><strong>quium</strong></span> <span class='ocrx_word' id='word_1_49' title='bbox 259 433 459 472; x_wconf 84' lang='lat' dir='ltr'><strong>veniretur</strong></span> <span class='ocrx_word' id='word_1_50' title='bbox 486 433 617 484; x_wconf 88' lang='lat' dir='ltr'><strong>ibique</strong></span> <span class='ocrx_word' id='word_1_51' title='bbox 637 432 711 471; x_wconf 91' lang='lat' dir='ltr'><strong>sibi</strong></span> <span class='ocrx_word' id='word_1_52' title='bbox 741 432 888 471; x_wconf 86' lang='lat' dir='ltr'><strong>Sullam</strong></span> <span class='ocrx_word' id='word_1_53' title='bbox 916 430 1096 470; x_wconf 87' lang='lat' dir='ltr'><strong>traderet.</strong></span> <span class='ocrx_word' id='word_1_54' title='bbox 1142 442 1232 469; x_wconf 90' lang='lat' dir='ltr'><strong>cum</strong></span> <span class='ocrx_word' id='word_1_55' title='bbox 1260 428 1375 468; x_wconf 88' lang='lat' dir='ltr'><strong>talem</strong></span> <span class='ocrx_word' id='word_1_56' title='bbox 1392 429 1517 467; x_wconf 91' lang='lat' dir='ltr'><strong>virum</strong></span> 
     </span>
     <span class='ocr_line' id='line_1_11' title="bbox 103 484 1531 540; baseline -0.005 -12"><span class='ocrx_word' id='word_1_57' title='bbox 103 489 143 528; x_wconf 90' lang='lat' dir='ltr'><strong>in</strong></span> <span class='ocrx_word' id='word_1_58' title='bbox 171 494 403 540; x_wconf 87' lang='lat' dir='ltr'><strong>potestatem</strong></span> <span class='ocrx_word' id='word_1_59' title='bbox 433 489 650 537; x_wconf 85' lang='lat' dir='ltr'><strong>habuisset,</strong></span> <span class='ocrx_word' id='word_1_60' title='bbox 671 496 753 527; x_wconf 89' lang='lat' dir='ltr'><strong>tum</strong></span> <span class='ocrx_word' id='word_1_61' title='bbox 784 489 868 528; x_wconf 88' lang='lat' dir='ltr'><strong>fore</strong></span> <span class='ocrx_word' id='word_1_62' title='bbox 892 488 948 526; x_wconf 87' lang='lat' dir='ltr'><strong>uti</strong></span> <span class='ocrx_word' id='word_1_63' title='bbox 978 487 1086 526; x_wconf 90' lang='lat' dir='ltr'><strong>iussu</strong></span> <span class='ocrx_word' id='word_1_64' title='bbox 1117 492 1276 526; x_wconf 90' lang='lat' dir='ltr'><strong>senatus</strong></span> <span class='ocrx_word' id='word_1_65' title='bbox 1297 491 1363 524; x_wconf 87' lang='lat' dir='ltr'><strong>aut</strong></span> <span class='ocrx_word' id='word_1_66' title='bbox 1381 484 1531 536; x_wconf 92' lang='lat' dir='ltr'><strong>populi.</strong></span> 
     </span>
     <span class='ocr_line' id='line_1_12' title="bbox 102 540 1518 597; baseline -0.004 -12"><span class='ocrx_word' id='word_1_67' title='bbox 102 545 238 585; x_wconf 86' lang='lat' dir='ltr'><strong>foedus</strong></span> <span class='ocrx_word' id='word_1_68' title='bbox 257 546 387 594; x_wconf 86' lang='lat' dir='ltr'><strong>fieret,</strong></span> <span class='ocrx_word' id='word_1_69' title='bbox 415 558 540 597; x_wconf 90' lang='lat' dir='ltr'><strong>neque</strong></span> <span class='ocrx_word' id='word_1_70' title='bbox 568 545 770 584; x_wconf 89' lang='lat' dir='ltr'><strong>hominum</strong></span> <span class='ocrx_word' id='word_1_71' title='bbox 801 544 973 584; x_wconf 85' lang='lat' dir='ltr'><strong>nobilem</strong></span> <span class='ocrx_word' id='word_1_72' title='bbox 1001 556 1081 583; x_wconf 90' lang='lat' dir='ltr'><strong>non</strong></span> <span class='ocrx_word' id='word_1_73' title='bbox 1107 556 1176 582; x_wconf 90' lang='lat' dir='ltr'><strong>sua</strong></span> <span class='ocrx_word' id='word_1_74' title='bbox 1204 541 1352 594; x_wconf 85' lang='lat' dir='ltr'><strong>ignavia</strong></span> <span class='ocrx_word' id='word_1_75' title='bbox 1381 541 1450 580; x_wconf 90' lang='lat' dir='ltr'><strong>sed</strong></span> <span class='ocrx_word' id='word_1_76' title='bbox 1469 540 1518 579; x_wconf 91' lang='lat' dir='ltr'><strong>ob</strong></span> 
     </span>
     <span class='ocr_line' id='line_1_13' title="bbox 102 597 1612 653; baseline -0.003 -13"><span class='ocrx_word' id='word_1_77' title='bbox 102 614 184 641; x_wconf 91' lang='lat' dir='ltr'><strong>rem</strong></span> <span class='ocrx_word' id='word_1_78' title='bbox 210 601 406 653; x_wconf 82' lang='lat' dir='ltr'><strong>publicam</strong></span> <span class='ocrx_word' id='word_1_79' title='bbox 435 603 474 641; x_wconf 93' lang='lat' dir='ltr'><strong>in</strong></span> <span class='ocrx_word' id='word_1_80' title='bbox 496 602 666 641; x_wconf 86' lang='lat' dir='ltr'><strong>hostium</strong></span> <span class='ocrx_word' id='word_1_81' title='bbox 695 608 884 653; x_wconf 79' lang='lat' dir='ltr'><strong>potestate</strong></span> <span class='ocrx_word' id='word_1_82' title='bbox 920 601 1096 640; x_wconf 89' lang='lat' dir='ltr'><strong>relictum</strong></span> <span class='ocrx_word' id='word_1_83' title='bbox 1126 599 1185 638; x_wconf 91' lang='lat' dir='ltr'><strong>iri.</strong></span> <span class='ocrx_word' id='word_1_84' title='bbox 1236 600 1332 638; x_wconf 91' lang='lat' dir='ltr'><strong>haec</strong></span> <span class='ocrx_word' id='word_1_85' title='bbox 1359 597 1517 637; x_wconf 89' lang='lat' dir='ltr'><strong>Maurus</strong></span> <span class='ocrx_word' id='word_1_86' title='bbox 1540 599 1612 635; x_wconf 82' lang='lat'><strong>113</strong></span> 
     </span>
     <span class='ocr_line' id='line_1_14' title="bbox 104 655 1518 710; baseline -0.004 -13"><span class='ocrx_word' id='word_1_87' title='bbox 104 671 237 697; x_wconf 89' lang='lat' dir='ltr'><strong>secum</strong></span> <span class='ocrx_word' id='word_1_88' title='bbox 258 659 343 709; x_wconf 89' lang='lat' dir='ltr'><strong>ipse</strong></span> <span class='ocrx_word' id='word_1_89' title='bbox 372 659 437 698; x_wconf 93' lang='lat' dir='ltr'><strong>diu</strong></span> <span class='ocrx_word' id='word_1_90' title='bbox 467 659 623 697; x_wconf 83' lang='lat' dir='ltr'><strong>volvens</strong></span> <span class='ocrx_word' id='word_1_91' title='bbox 650 658 804 697; x_wconf 87' lang='lat' dir='ltr'><strong>tandem</strong></span> <span class='ocrx_word' id='word_1_92' title='bbox 825 658 1026 710; x_wconf 82' lang='lat' dir='ltr'><strong>promisit,</strong></span> <span class='ocrx_word' id='word_1_93' title='bbox 1055 662 1226 696; x_wconf 89' lang='lat' dir='ltr'><strong>ceterum</strong></span> <span class='ocrx_word' id='word_1_94' title='bbox 1249 655 1338 694; x_wconf 90' lang='lat' dir='ltr'><strong>dolo</strong></span> <span class='ocrx_word' id='word_1_95' title='bbox 1359 667 1407 693; x_wconf 91' lang='lat' dir='ltr'><strong>an</strong></span> <span class='ocrx_word' id='word_1_96' title='bbox 1429 665 1518 692; x_wconf 85' lang='lat' dir='ltr'><strong>vere</strong></span> 
     </span>
     <span class='ocr_line' id='line_1_15' title="bbox 103 710 1519 767; baseline -0.004 -13"><span class='ocrx_word' id='word_1_97' title='bbox 103 721 306 754; x_wconf 87' lang='lat' dir='ltr'><strong>cunctatus</strong></span> <span class='ocrx_word' id='word_1_98' title='bbox 327 728 465 767; x_wconf 88' lang='lat' dir='ltr'><strong>parum</strong></span> <span class='ocrx_word' id='word_1_99' title='bbox 494 715 768 766; x_wconf 89' lang='lat' dir='ltr'><strong>comperimus.</strong></span> <span class='ocrx_word' id='word_1_100' title='bbox 813 715 878 754; x_wconf 89' lang='lat' dir='ltr'><strong>sed</strong></span> <span class='ocrx_word' id='word_1_101' title='bbox 900 714 1134 765; x_wconf 89' lang='lat' dir='ltr'><strong>plerumque</strong></span> <span class='ocrx_word' id='word_1_102' title='bbox 1153 712 1282 763; x_wconf 85' lang='lat' dir='ltr'><strong>regiae</strong></span> <span class='ocrx_word' id='word_1_103' title='bbox 1302 710 1519 750; x_wconf 83' lang='lat' dir='ltr'><strong>voluntates</strong></span> 
     </span>
     <span class='ocr_line' id='line_1_16' title="bbox 101 769 1560 822; baseline -0.003 -12"><span class='ocrx_word' id='word_1_104' title='bbox 101 776 146 810; x_wconf 87' lang='lat' dir='ltr'><strong>ut</strong></span> <span class='ocrx_word' id='word_1_105' title='bbox 178 772 425 811; x_wconf 88' lang='lat' dir='ltr'><strong>vehementes</strong></span> <span class='ocrx_word' id='word_1_106' title='bbox 459 771 516 810; x_wconf 90' lang='lat' dir='ltr'><strong>sic</strong></span> <span class='ocrx_word' id='word_1_107' title='bbox 547 771 732 819; x_wconf 85' lang='lat' dir='ltr'><strong>mobiles,</strong></span> <span class='ocrx_word' id='word_1_108' title='bbox 767 783 883 822; x_wconf 89' lang='lat' dir='ltr'><strong>saepe</strong></span> <span class='ocrx_word' id='word_1_109' title='bbox 903 771 1010 822; x_wconf 88' lang='lat' dir='ltr'><strong>ipsae</strong></span> <span class='ocrx_word' id='word_1_110' title='bbox 1039 770 1113 809; x_wconf 91' lang='lat' dir='ltr'><strong>sibi</strong></span> <span class='ocrx_word' id='word_1_111' title='bbox 1141 769 1335 808; x_wconf 85' lang='lat' dir='ltr'><strong>advorsae.</strong></span> <span class='ocrx_word' id='word_1_112' title='bbox 1385 772 1517 818; x_wconf 86' lang='lat' dir='ltr'><strong>postea</strong></span> <span class='ocrx_word' id='word_1_113' title='bbox 1539 772 1560 805; x_wconf 90' lang='lat'>2</span> 
     </span>
     <span class='ocr_line' id='line_1_17' title="bbox 102 825 1518 879; baseline -0.003 -13"><span class='ocrx_word' id='word_1_114' title='bbox 102 833 278 879; x_wconf 87' lang='lat' dir='ltr'><strong>tempore</strong></span> <span class='ocrx_word' id='word_1_115' title='bbox 300 835 337 867; x_wconf 88' lang='lat' dir='ltr'><strong>et</strong></span> <span class='ocrx_word' id='word_1_116' title='bbox 356 829 442 866; x_wconf 90' lang='lat' dir='ltr'><strong>loco</strong></span> <span class='ocrx_word' id='word_1_117' title='bbox 464 828 676 867; x_wconf 89' lang='lat' dir='ltr'><strong>constituto</strong></span> <span class='ocrx_word' id='word_1_118' title='bbox 706 828 746 866; x_wconf 90' lang='lat' dir='ltr'><strong>in</strong></span> <span class='ocrx_word' id='word_1_119' title='bbox 778 827 1015 879; x_wconf 87' lang='lat' dir='ltr'><strong>colloquium</strong></span> <span class='ocrx_word' id='word_1_120' title='bbox 1037 827 1095 866; x_wconf 90' lang='lat' dir='ltr'><strong>uti</strong></span> <span class='ocrx_word' id='word_1_121' title='bbox 1124 827 1170 865; x_wconf 91' lang='lat' dir='ltr'><strong>de</strong></span> <span class='ocrx_word' id='word_1_122' title='bbox 1191 838 1286 877; x_wconf 90' lang='lat' dir='ltr'><strong>pace</strong></span> <span class='ocrx_word' id='word_1_123' title='bbox 1306 825 1518 871; x_wconf 88' lang='lat' dir='ltr'><strong>veniretur,</strong></span> 
     </span>
     <span class='ocr_line' id='line_1_18' title="bbox 101 880 1519 935; baseline -0.004 -12"><span class='ocrx_word' id='word_1_124' title='bbox 101 884 281 923; x_wconf 87' lang='lat' dir='ltr'><strong>Bocchus</strong></span> <span class='ocrx_word' id='word_1_125' title='bbox 311 884 456 923; x_wconf 90' lang='lat' dir='ltr'><strong>Sullam</strong></span> <span class='ocrx_word' id='word_1_126' title='bbox 486 884 602 922; x_wconf 90' lang='lat' dir='ltr'><strong>modo</strong></span> <span class='ocrx_word' id='word_1_127' title='bbox 630 885 746 923; x_wconf 90' lang='lat' dir='ltr'><strong>modo</strong></span> <span class='ocrx_word' id='word_1_128' title='bbox 775 884 984 935; x_wconf 80' lang='lat' dir='ltr'><strong>Iugurthae</strong></span> <span class='ocrx_word' id='word_1_129' title='bbox 1013 884 1181 934; x_wconf 86' lang='lat' dir='ltr'><strong>legatum</strong></span> <span class='ocrx_word' id='word_1_130' title='bbox 1201 881 1417 933; x_wconf 87' lang='lat' dir='ltr'><strong>appellare,</strong></span> <span class='ocrx_word' id='word_1_131' title='bbox 1451 880 1519 919; x_wconf 91' lang='lat' dir='ltr'><strong>be-</strong></span> 
     </span>
     <span class='ocr_line' id='line_1_19' title="bbox 102 937 1519 992; baseline -0.003 -13"><span class='ocrx_word' id='word_1_132' title='bbox 102 941 222 991; x_wconf 85' lang='lat' dir='ltr'><strong>nigne</strong></span> <span class='ocrx_word' id='word_1_133' title='bbox 249 940 409 990; x_wconf 91' lang='lat' dir='ltr'><strong>habere,</strong></span> <span class='ocrx_word' id='word_1_134' title='bbox 440 940 541 980; x_wconf 87' lang='lat' dir='ltr'><strong>idem</strong></span> <span class='ocrx_word' id='word_1_135' title='bbox 569 940 756 980; x_wconf 91' lang='lat' dir='ltr'><strong>ambobus</strong></span> <span class='ocrx_word' id='word_1_136' title='bbox 784 941 973 992; x_wconf 82' lang='lat' dir='ltr'><strong>polliceri.</strong></span> <span class='ocrx_word' id='word_1_137' title='bbox 1022 940 1078 979; x_wconf 92' lang='lat' dir='ltr'><strong>illi</strong></span> <span class='ocrx_word' id='word_1_138' title='bbox 1098 940 1244 991; x_wconf 89' lang='lat' dir='ltr'><strong>pariter</strong></span> <span class='ocrx_word' id='word_1_139' title='bbox 1263 938 1352 978; x_wconf 87' lang='lat' dir='ltr'><strong>laeti</strong></span> <span class='ocrx_word' id='word_1_140' title='bbox 1371 949 1415 976; x_wconf 89' lang='lat' dir='ltr'><strong>ac</strong></span> <span class='ocrx_word' id='word_1_141' title='bbox 1435 937 1519 988; x_wconf 88' lang='lat' dir='ltr'><strong>spei</strong></span> 
     </span>
     <span class='ocr_line' id='line_1_20' title="bbox 104 994 1561 1049; baseline -0.002 -14"><span class='ocrx_word' id='word_1_142' title='bbox 104 996 229 1036; x_wconf 88' lang='lat' dir='ltr'><strong>bonae</strong></span> <span class='ocrx_word' id='word_1_143' title='bbox 252 997 360 1049; x_wconf 88' lang='lat' dir='ltr'><strong>pleni</strong></span> <span class='ocrx_word' id='word_1_144' title='bbox 380 1010 478 1036; x_wconf 90' lang='lat' dir='ltr'><strong>esse.</strong></span> <span class='ocrx_word' id='word_1_145' title='bbox 532 998 599 1036; x_wconf 87' lang='lat' dir='ltr'><strong>sed</strong></span> <span class='ocrx_word' id='word_1_146' title='bbox 628 1004 743 1037; x_wconf 86' lang='lat' dir='ltr'><strong>nocte</strong></span> <span class='ocrx_word' id='word_1_147' title='bbox 762 1010 825 1043; x_wconf 88' lang='lat' dir='ltr'><strong>ea,</strong></span> <span class='ocrx_word' id='word_1_148' title='bbox 857 1011 955 1049; x_wconf 90' lang='lat' dir='ltr'><strong>quae</strong></span> <span class='ocrx_word' id='word_1_149' title='bbox 984 1009 1175 1049; x_wconf 76' lang='lat' dir='ltr'><strong>proxuma</strong></span> <span class='ocrx_word' id='word_1_150' title='bbox 1195 995 1269 1034; x_wconf 87' lang='lat' dir='ltr'><strong>fuit</strong></span> <span class='ocrx_word' id='word_1_151' title='bbox 1300 1000 1388 1033; x_wconf 90' lang='lat' dir='ltr'><strong>ante</strong></span> <span class='ocrx_word' id='word_1_152' title='bbox 1417 994 1517 1033; x_wconf 89' lang='lat' dir='ltr'><strong>diem</strong></span> <span class='ocrx_word' id='word_1_153' title='bbox 1540 1000 1561 1032; x_wconf 86' lang='lat'><strong>3</strong></span> 
     </span>
     <span class='ocr_line' id='line_1_21' title="bbox 102 1051 1519 1105; baseline -0.001 -14"><span class='ocrx_word' id='word_1_154' title='bbox 102 1053 295 1105; x_wconf 90' lang='lat' dir='ltr'><strong>colloquio</strong></span> <span class='ocrx_word' id='word_1_155' title='bbox 325 1054 545 1101; x_wconf 89' lang='lat' dir='ltr'><strong>decretum,</strong></span> <span class='ocrx_word' id='word_1_156' title='bbox 575 1053 733 1093; x_wconf 89' lang='lat' dir='ltr'><strong>Maurus</strong></span> <span class='ocrx_word' id='word_1_157' title='bbox 759 1054 938 1093; x_wconf 89' lang='lat' dir='ltr'><strong>adhibitis</strong></span> <span class='ocrx_word' id='word_1_158' title='bbox 959 1053 1092 1093; x_wconf 87' lang='lat' dir='ltr'><strong>amicis</strong></span> <span class='ocrx_word' id='word_1_159' title='bbox 1117 1065 1161 1092; x_wconf 90' lang='lat' dir='ltr'><strong>ac</strong></span> <span class='ocrx_word' id='word_1_160' title='bbox 1181 1052 1309 1091; x_wconf 87' lang='lat' dir='ltr'><strong>statim</strong></span> <span class='ocrx_word' id='word_1_161' title='bbox 1330 1051 1519 1090; x_wconf 88' lang='lat' dir='ltr'><strong>inmutata</strong></span> 
     </span>
     <span class='ocr_line' id='line_1_22' title="bbox 99 1108 1519 1163; baseline -0.001 -16"><span class='ocrx_word' id='word_1_162' title='bbox 99 1110 297 1149; x_wconf 87' lang='lat' dir='ltr'><strong>voluntate</strong></span> <span class='ocrx_word' id='word_1_163' title='bbox 326 1111 484 1150; x_wconf 83' lang='lat' dir='ltr'><strong>remotis</strong></span> <span class='ocrx_word' id='word_1_164' title='bbox 515 1111 656 1150; x_wconf 88' lang='lat' dir='ltr'><strong>dicitur</strong></span> <span class='ocrx_word' id='word_1_165' title='bbox 685 1123 819 1150; x_wconf 90' lang='lat' dir='ltr'><strong>secum</strong></span> <span class='ocrx_word' id='word_1_166' title='bbox 847 1111 933 1163; x_wconf 90' lang='lat' dir='ltr'><strong>ipse</strong></span> <span class='ocrx_word' id='word_1_167' title='bbox 960 1111 1126 1150; x_wconf 88' lang='lat' dir='ltr'><strong>multum</strong></span> <span class='ocrx_word' id='word_1_168' title='bbox 1156 1108 1378 1159; x_wconf 83' lang='lat' dir='ltr'><strong>agitavisse,</strong></span> <span class='ocrx_word' id='word_1_169' title='bbox 1414 1109 1519 1146; x_wconf 88' lang='lat' dir='ltr'><strong>voltu</strong></span> 
     </span>
     <span class='ocr_line' id='line_1_23' title="bbox 102 1164 1518 1219; baseline -0.002 -14"><span class='ocrx_word' id='word_1_170' title='bbox 102 1172 140 1205; x_wconf 87' lang='lat' dir='ltr'><strong>et</strong></span> <span class='ocrx_word' id='word_1_171' title='bbox 161 1167 284 1206; x_wconf 89' lang='lat' dir='ltr'><strong>oculis</strong></span> <span class='ocrx_word' id='word_1_172' title='bbox 307 1167 453 1218; x_wconf 83' lang='lat' dir='ltr'><strong>pariter</strong></span> <span class='ocrx_word' id='word_1_173' title='bbox 481 1172 597 1218; x_wconf 91' lang='lat' dir='ltr'><strong>atque</strong></span> <span class='ocrx_word' id='word_1_174' title='bbox 625 1168 753 1206; x_wconf 92' lang='lat' dir='ltr'><strong>animo</strong></span> <span class='ocrx_word' id='word_1_175' title='bbox 783 1168 931 1207; x_wconf 86' lang='lat' dir='ltr'><strong>varius:</strong></span> <span class='ocrx_word' id='word_1_176' title='bbox 963 1180 1061 1219; x_wconf 90' lang='lat' dir='ltr'><strong>quae</strong></span> <span class='ocrx_word' id='word_1_177' title='bbox 1090 1166 1240 1206; x_wconf 91' lang='lat' dir='ltr'><strong>scilicet</strong></span> <span class='ocrx_word' id='word_1_178' title='bbox 1260 1170 1411 1204; x_wconf 87' lang='lat' dir='ltr'><strong>tacente</strong></span> <span class='ocrx_word' id='word_1_179' title='bbox 1432 1164 1518 1215; x_wconf 90' lang='lat' dir='ltr'><strong>ipso</strong></span> 
     </span>
     <span class='ocr_line' id='line_1_24' title="bbox 102 1220 1562 1276; baseline -0.002 -15"><span class='ocrx_word' id='word_1_180' title='bbox 102 1223 252 1262; x_wconf 88' lang='lat' dir='ltr'><strong>occulta</strong></span> <span class='ocrx_word' id='word_1_181' title='bbox 274 1224 445 1275; x_wconf 88' lang='lat' dir='ltr'><strong>pectoris</strong></span> <span class='ocrx_word' id='word_1_182' title='bbox 466 1224 705 1276; x_wconf 81' lang='lat' dir='ltr'><strong>patefecisse.</strong></span> <span class='ocrx_word' id='word_1_183' title='bbox 745 1230 873 1263; x_wconf 85' lang='lat' dir='ltr'><strong>tamen</strong></span> <span class='ocrx_word' id='word_1_184' title='bbox 903 1230 1101 1276; x_wconf 89' lang='lat' dir='ltr'><strong>postremo</strong></span> <span class='ocrx_word' id='word_1_185' title='bbox 1124 1222 1269 1263; x_wconf 88' lang='lat' dir='ltr'><strong>Sullam</strong></span> <span class='ocrx_word' id='word_1_186' title='bbox 1290 1220 1438 1260; x_wconf 89' lang='lat' dir='ltr'><strong>accersi</strong></span> <span class='ocrx_word' id='word_1_187' title='bbox 1458 1220 1517 1259; x_wconf 91' lang='lat' dir='ltr'><strong>iu·</strong></span> <span class='ocrx_word' id='word_1_188' title='bbox 1542 1227 1562 1259; x_wconf 86' lang='lat'>4</span> 
     </span>
     <span class='ocr_line' id='line_1_25' title="bbox 101 1276 1562 1321; baseline -0.002 -3"><span class='ocrx_word' id='word_1_189' title='bbox 101 1279 168 1318; x_wconf 88' lang='lat' dir='ltr'><strong>bet</strong></span> <span class='ocrx_word' id='word_1_190' title='bbox 202 1285 240 1318; x_wconf 88' lang='lat' dir='ltr'><strong>et</strong></span> <span class='ocrx_word' id='word_1_191' title='bbox 272 1293 317 1319; x_wconf 77' lang='lat' dir='ltr'><strong>ex</strong></span> <span class='ocrx_word' id='word_1_192' title='bbox 345 1280 448 1320; x_wconf 92' lang='lat' dir='ltr'><strong>illius</strong></span> <span class='ocrx_word' id='word_1_193' title='bbox 478 1281 669 1320; x_wconf 87' lang='lat' dir='ltr'><strong>sententia</strong></span> <span class='ocrx_word' id='word_1_194' title='bbox 689 1281 876 1320; x_wconf 87' lang='lat' dir='ltr'><strong>Numidae</strong></span> <span class='ocrx_word' id='word_1_195' title='bbox 906 1281 1066 1320; x_wconf 89' lang='lat' dir='ltr'><strong>insidias</strong></span> <span class='ocrx_word' id='word_1_196' title='bbox 1092 1279 1231 1321; x_wconf 89' lang='lat' dir='ltr'><strong>tendit.</strong></span> <span class='ocrx_word' id='word_1_197' title='bbox 1281 1278 1422 1317; x_wconf 89' lang='lat' dir='ltr'><strong>deinde</strong></span> <span class='ocrx_word' id='word_1_198' title='bbox 1451 1276 1520 1316; x_wconf 90' lang='lat' dir='ltr'><strong>ubi</strong></span> <span class='ocrx_word' id='word_1_199' title='bbox 1541 1284 1562 1316; x_wconf 84' lang='lat'>5</span> 
     </span>
     <span class='ocr_line' id='line_1_26' title="bbox 101 1334 1518 1388; baseline -0.001 -14"><span class='ocrx_word' id='word_1_200' title='bbox 101 1335 182 1375; x_wconf 89' lang='lat' dir='ltr'><strong>dies</strong></span> <span class='ocrx_word' id='word_1_201' title='bbox 209 1336 362 1376; x_wconf 84' lang='lat' dir='ltr'><strong>advenit</strong></span> <span class='ocrx_word' id='word_1_202' title='bbox 390 1342 428 1376; x_wconf 82' lang='lat' dir='ltr'><strong>et</strong></span> <span class='ocrx_word' id='word_1_203' title='bbox 456 1337 490 1376; x_wconf 92' lang='lat' dir='ltr'><strong>ei</strong></span> <span class='ocrx_word' id='word_1_204' title='bbox 522 1337 742 1377; x_wconf 86' lang='lat' dir='ltr'><strong>nuntiatum</strong></span> <span class='ocrx_word' id='word_1_205' title='bbox 763 1345 822 1377; x_wconf 91' lang='lat' dir='ltr'><strong>est</strong></span> <span class='ocrx_word' id='word_1_206' title='bbox 840 1337 1067 1388; x_wconf 88' lang='lat' dir='ltr'><strong>Iugurtham</strong></span> <span class='ocrx_word' id='word_1_207' title='bbox 1087 1338 1191 1376; x_wconf 90' lang='lat' dir='ltr'><strong>haud</strong></span> <span class='ocrx_word' id='word_1_208' title='bbox 1212 1335 1351 1386; x_wconf 87' lang='lat' dir='ltr'><strong>procul</strong></span> <span class='ocrx_word' id='word_1_209' title='bbox 1371 1334 1518 1381; x_wconf 88' lang='lat' dir='ltr'><strong>abesse,</strong></span> 
     </span>
     <span class='ocr_line' id='line_1_27' title="bbox 100 1391 1521 1446; baseline -0.001 -16"><span class='ocrx_word' id='word_1_210' title='bbox 100 1404 189 1430; x_wconf 89' lang='lat' dir='ltr'><strong>cum</strong></span> <span class='ocrx_word' id='word_1_211' title='bbox 203 1393 338 1444; x_wconf 88' lang='lat' dir='ltr'><strong>paucis</strong></span> <span class='ocrx_word' id='word_1_212' title='bbox 354 1394 486 1433; x_wconf 90' lang='lat' dir='ltr'><strong>amicis</strong></span> <span class='ocrx_word' id='word_1_213' title='bbox 506 1400 543 1432; x_wconf 93' lang='lat' dir='ltr'><strong>et</strong></span> <span class='ocrx_word' id='word_1_214' title='bbox 559 1399 765 1445; x_wconf 87' lang='lat' dir='ltr'><strong>quaestore</strong></span> <span class='ocrx_word' id='word_1_215' title='bbox 786 1400 920 1433; x_wconf 89' lang='lat' dir='ltr'><strong>nostro</strong></span> <span class='ocrx_word' id='word_1_216' title='bbox 939 1394 1048 1446; x_wconf 92' lang='lat' dir='ltr'><strong>quasi</strong></span> <span class='ocrx_word' id='word_1_217' title='bbox 1069 1394 1204 1432; x_wconf 92' lang='lat' dir='ltr'><strong>obvius</strong></span> <span class='ocrx_word' id='word_1_218' title='bbox 1224 1391 1386 1430; x_wconf 91' lang='lat' dir='ltr'><strong>honoris</strong></span> <span class='ocrx_word' id='word_1_219' title='bbox 1408 1403 1521 1429; x_wconf 89' lang='lat' dir='ltr'><strong>causa</strong></span> 
     </span>
     <span class='ocr_line' id='line_1_28' title="bbox 98 1447 1562 1499; baseline -0.001 -11"><span class='ocrx_word' id='word_1_220' title='bbox 98 1449 277 1499; x_wconf 87' lang='lat' dir='ltr'><strong>procedit</strong></span> <span class='ocrx_word' id='word_1_221' title='bbox 295 1450 335 1489; x_wconf 90' lang='lat' dir='ltr'><strong>in</strong></span> <span class='ocrx_word' id='word_1_222' title='bbox 357 1451 549 1489; x_wconf 86' lang='lat' dir='ltr'><strong>tumulum</strong></span> <span class='ocrx_word' id='word_1_223' title='bbox 571 1450 807 1489; x_wconf 87' lang='lat' dir='ltr'><strong>facillumum</strong></span> <span class='ocrx_word' id='word_1_224' title='bbox 837 1451 921 1489; x_wconf 91' lang='lat' dir='ltr'><strong>visu</strong></span> <span class='ocrx_word' id='word_1_225' title='bbox 950 1450 1237 1490; x_wconf 87' lang='lat' dir='ltr'><strong>insidiantibus.</strong></span> <span class='ocrx_word' id='word_1_226' title='bbox 1282 1448 1418 1486; x_wconf 87' lang='lat' dir='ltr'><strong>eodem</strong></span> <span class='ocrx_word' id='word_1_227' title='bbox 1438 1447 1520 1485; x_wconf 86' lang='lat' dir='ltr'><strong>Nu·</strong></span> <span class='ocrx_word' id='word_1_228' title='bbox 1542 1453 1562 1486; x_wconf 88' lang='grc'>6</span> 
     </span>
     <span class='ocr_line' id='line_1_29' title="bbox 99 1504 1520 1558; baseline -0.001 -14"><span class='ocrx_word' id='word_1_229' title='bbox 99 1505 199 1545; x_wconf 90' lang='lat' dir='ltr'><strong>mida</strong></span> <span class='ocrx_word' id='word_1_230' title='bbox 218 1518 306 1545; x_wconf 89' lang='lat' dir='ltr'><strong>cum</strong></span> <span class='ocrx_word' id='word_1_231' title='bbox 327 1506 526 1558; x_wconf 90' lang='lat' dir='ltr'><strong>plerisque</strong></span> <span class='ocrx_word' id='word_1_232' title='bbox 548 1507 778 1546; x_wconf 85' lang='lat' dir='ltr'><strong>necessariis</strong></span> <span class='ocrx_word' id='word_1_233' title='bbox 799 1507 881 1546; x_wconf 91' lang='lat' dir='ltr'><strong>suis</strong></span> <span class='ocrx_word' id='word_1_234' title='bbox 901 1507 1075 1553; x_wconf 89' lang='lat' dir='ltr'><strong>inermis,</strong></span> <span class='ocrx_word' id='word_1_235' title='bbox 1096 1507 1153 1546; x_wconf 91' lang='lat' dir='ltr'><strong>uti</strong></span> <span class='ocrx_word' id='word_1_236' title='bbox 1175 1506 1321 1545; x_wconf 85' lang='lat' dir='ltr'><strong>dictum</strong></span> <span class='ocrx_word' id='word_1_237' title='bbox 1340 1511 1432 1550; x_wconf 85' lang='lat' dir='ltr'><strong>erat,</strong></span> <span class='ocrx_word' id='word_1_238' title='bbox 1455 1504 1520 1542; x_wconf 89' lang='lat' dir='ltr'><strong>ad-</strong></span> 
     </span>
     <span class='ocr_line' id='line_1_30' title="bbox 100 1561 1519 1615; baseline -0.001 -15"><span class='ocrx_word' id='word_1_239' title='bbox 100 1562 201 1601; x_wconf 84' lang='lat' dir='ltr'><strong>cedit</strong></span> <span class='ocrx_word' id='word_1_240' title='bbox 228 1575 273 1601; x_wconf 89' lang='lat' dir='ltr'><strong>ac</strong></span> <span class='ocrx_word' id='word_1_241' title='bbox 302 1563 430 1602; x_wconf 87' lang='lat' dir='ltr'><strong>statim</strong></span> <span class='ocrx_word' id='word_1_242' title='bbox 459 1564 572 1614; x_wconf 88' lang='lat' dir='ltr'><strong>signo</strong></span> <span class='ocrx_word' id='word_1_243' title='bbox 603 1563 690 1602; x_wconf 88' lang='lat' dir='ltr'><strong>dato</strong></span> <span class='ocrx_word' id='word_1_244' title='bbox 720 1563 895 1615; x_wconf 91' lang='lat' dir='ltr'><strong>undique</strong></span> <span class='ocrx_word' id='word_1_245' title='bbox 923 1563 1039 1602; x_wconf 91' lang='lat' dir='ltr'><strong>simul</strong></span> <span class='ocrx_word' id='word_1_246' title='bbox 1069 1576 1116 1602; x_wconf 83' lang='lat' dir='ltr'><strong>ex</strong></span> <span class='ocrx_word' id='word_1_247' title='bbox 1141 1561 1292 1602; x_wconf 90' lang='lat' dir='ltr'><strong>insidiis</strong></span> <span class='ocrx_word' id='word_1_248' title='bbox 1314 1561 1519 1600; x_wconf 91' lang='lat' dir='ltr'><strong>invaditur.</strong></span> 
     </span>
     <span class='ocr_line' id='line_1_31' title="bbox 98 1617 1520 1670; baseline -0.001 -13"><span class='ocrx_word' id='word_1_249' title='bbox 98 1619 217 1658; x_wconf 89' lang='lat' dir='ltr'><strong>ceteri</strong></span> <span class='ocrx_word' id='word_1_250' title='bbox 246 1619 486 1669; x_wconf 83' lang='lat' dir='ltr'><strong>obtruncati,</strong></span> <span class='ocrx_word' id='word_1_251' title='bbox 515 1619 701 1670; x_wconf 85' lang='lat' dir='ltr'><strong>Iugurtha</strong></span> <span class='ocrx_word' id='word_1_252' title='bbox 726 1620 856 1660; x_wconf 90' lang='lat' dir='ltr'><strong>Sullae</strong></span> <span class='ocrx_word' id='word_1_253' title='bbox 883 1620 1036 1659; x_wconf 89' lang='lat' dir='ltr'><strong>vinctus</strong></span> <span class='ocrx_word' id='word_1_254' title='bbox 1063 1619 1230 1659; x_wconf 87' lang='lat' dir='ltr'><strong>traditur</strong></span> <span class='ocrx_word' id='word_1_255' title='bbox 1259 1625 1297 1657; x_wconf 85' lang='lat' dir='ltr'><strong>et</strong></span> <span class='ocrx_word' id='word_1_256' title='bbox 1330 1617 1377 1656; x_wconf 87' lang='lat' dir='ltr'><strong>ab</strong></span> <span class='ocrx_word' id='word_1_257' title='bbox 1399 1630 1444 1657; x_wconf 92' lang='lat' dir='ltr'><strong>eo</strong></span> <span class='ocrx_word' id='word_1_258' title='bbox 1475 1617 1520 1655; x_wconf 90' lang='lat' dir='ltr'><strong>ad</strong></span> 
     </span>
     <span class='ocr_line' id='line_1_32' title="bbox 96 1674 560 1717; baseline 0.009 -4"><span class='ocrx_word' id='word_1_259' title='bbox 96 1674 260 1714; x_wconf 83' lang='lat' dir='ltr'><strong>Marium</strong></span> <span class='ocrx_word' id='word_1_260' title='bbox 281 1676 470 1716; x_wconf 89' lang='lat' dir='ltr'><strong>deductus</strong></span> <span class='ocrx_word' id='word_1_261' title='bbox 490 1683 560 1717; x_wconf 89' lang='lat' dir='ltr'><strong>est.</strong></span> 
     </span>
    </p>

    <p class='ocr_par' dir='ltr' id='par_1_7' title="bbox 99 1731 1614 1844">
     <span class='ocr_line' id='line_1_33' title="bbox 208 1731 1614 1785; baseline 0.002 -15"><span class='ocrx_word' id='word_1_262' title='bbox 208 1731 283 1771; x_wconf 86' lang='lat' dir='ltr'><strong>Per</strong></span> <span class='ocrx_word' id='word_1_263' title='bbox 316 1733 416 1772; x_wconf 93' lang='lat' dir='ltr'><strong>idem</strong></span> <span class='ocrx_word' id='word_1_264' title='bbox 451 1739 607 1785; x_wconf 90' lang='lat' dir='ltr'><strong>tempus</strong></span> <span class='ocrx_word' id='word_1_265' title='bbox 637 1733 842 1771; x_wconf 84' lang='lat' dir='ltr'><strong>advorsum</strong></span> <span class='ocrx_word' id='word_1_266' title='bbox 864 1733 994 1772; x_wconf 89' lang='lat' dir='ltr'><strong>Gallos</strong></span> <span class='ocrx_word' id='word_1_267' title='bbox 1023 1732 1070 1771; x_wconf 92' lang='lat' dir='ltr'><strong>ab</strong></span> <span class='ocrx_word' id='word_1_268' title='bbox 1101 1732 1266 1771; x_wconf 89' lang='lat' dir='ltr'><strong>ducibus</strong></span> <span class='ocrx_word' id='word_1_269' title='bbox 1298 1732 1443 1770; x_wconf 88' lang='lat' dir='ltr'><strong>nostris</strong></span> <span class='ocrx_word' id='word_1_270' title='bbox 1472 1732 1517 1778; x_wconf 84' lang='lat' dir='ltr'><strong>Q.</strong></span> <span class='ocrx_word' id='word_1_271' title='bbox 1541 1737 1614 1773; x_wconf 79' lang='lat'><strong>114</strong></span> 
     </span>
     <span class='ocr_line' id='line_1_34' title="bbox 99 1788 1560 1844; baseline 0.001 -17"><span class='ocrx_word' id='word_1_272' title='bbox 99 1788 292 1840; x_wconf 86' lang='lat' dir='ltr'><strong>Caepione</strong></span> <span class='ocrx_word' id='word_1_273' title='bbox 315 1796 352 1828; x_wconf 91' lang='lat' dir='ltr'><strong>et</strong></span> <span class='ocrx_word' id='word_1_274' title='bbox 373 1789 441 1829; x_wconf 90' lang='lat' dir='ltr'><strong>Cn.</strong></span> <span class='ocrx_word' id='word_1_275' title='bbox 462 1789 605 1829; x_wconf 89' lang='lat' dir='ltr'><strong>Manlio</strong></span> <span class='ocrx_word' id='word_1_276' title='bbox 627 1789 726 1828; x_wconf 90' lang='lat' dir='ltr'><strong>male</strong></span> <span class='ocrx_word' id='word_1_277' title='bbox 746 1794 976 1840; x_wconf 83' lang='lat' dir='ltr'><strong>pugnatum.</strong></span> <span class='ocrx_word' id='word_1_278' title='bbox 1015 1801 1092 1840; x_wconf 92' lang='lat' dir='ltr'><strong>quo</strong></span> <span class='ocrx_word' id='word_1_279' title='bbox 1117 1794 1223 1827; x_wconf 88' lang='lat' dir='ltr'><strong>metu</strong></span> <span class='ocrx_word' id='word_1_280' title='bbox 1253 1788 1360 1844; x_wconf 85' lang='lat' dir='ltr'><strong>Italia</strong></span> <span class='ocrx_word' id='word_1_281' title='bbox 1390 1788 1517 1827; x_wconf 90' lang='lat' dir='ltr'><strong>omnis</strong></span> <span class='ocrx_word' id='word_1_282' title='bbox 1540 1796 1560 1828; x_wconf 88' lang='lat'><strong>2</strong></span> 
     </span>
    </p>
   </div>
   <div class='ocr_carea' id='block_1_7' title="bbox 93 1888 1524 2651">
    <p class='ocr_par' dir='ltr' id='par_1_8' title="bbox 93 1888 1524 2651">
     <span class='ocr_line' id='line_1_35' title="bbox 188 1888 1522 1932; baseline -0.001 -11"><span class='ocrx_word' id='word_1_283' title='bbox 188 1890 207 1921; x_wconf 90' lang='lat'><strong>3</strong></span> <span class='ocrx_word' id='word_1_284' title='bbox 233 1888 425 1921; x_wconf 80' lang='lat' dir='ltr'><strong>consultum</strong></span> <span class='ocrx_word' id='word_1_285' title='bbox 443 1889 531 1921; x_wconf 82' lang='lat' dir='ltr'><strong>foret</strong></span> <span class='ocrx_word' id='word_1_286' title='bbox 554 1892 589 1921; x_wconf 88' lang='lat' dir='ltr'><strong>et</strong></span> <span class='ocrx_word' id='word_1_287' title='bbox 605 1901 632 1921; x_wconf 78' lang='grc' dir='ltr'><em>π</em></span> <span class='ocrx_word' id='word_1_288' title='bbox 648 1888 660 1932; x_wconf 77' lang='grc' dir='ltr'>Η</span> <span class='ocrx_word' id='word_1_289' title='bbox 680 1899 796 1931; x_wconf 85' lang='lat' dir='ltr'><strong>pacem</strong></span> <span class='ocrx_word' id='word_1_290' title='bbox 814 1888 933 1931; x_wconf 79' lang='lat' dir='ltr'><strong>vellet]</strong></span> <span class='ocrx_word' id='word_1_291' title='bbox 953 1890 1038 1922; x_wconf 66' lang='lat' dir='ltr'><strong>llaec</strong></span> <span class='ocrx_word' id='word_1_292' title='bbox 1054 1892 1092 1921; x_wconf 73' lang='lat' dir='ltr'><strong>in</strong></span> <span class='ocrx_word' id='word_1_293' title='bbox 1109 1889 1167 1922; x_wconf 87' lang='lat' dir='ltr'><strong>PC</strong></span> <span class='ocrx_word' id='word_1_294' title='bbox 1181 1891 1435 1922; x_wconf 76' lang='lat' dir='ltr'><strong>continuantur</strong></span> <span class='ocrx_word' id='word_1_295' title='bbox 1451 1888 1522 1920; x_wconf 77' lang='lat' dir='ltr'><strong>illis</strong></span> 
     </span>
     <span class='ocr_line' id='line_1_36' title="bbox 98 1933 1521 1977; baseline 0.001 -12"><span class='ocrx_word' id='word_1_296' title='bbox 98 1944 125 1965; x_wconf 86' lang='lat' dir='ltr'><strong>c.</strong></span> <span class='ocrx_word' id='word_1_297' title='bbox 144 1933 256 1974; x_wconf 78' lang='lat'><em>103‚2</em></span> <span class='ocrx_word' id='word_1_298' title='bbox 280 1933 376 1975; x_wconf 85' lang='lat' dir='ltr'><strong>copia</strong></span> <span class='ocrx_word' id='word_1_299' title='bbox 394 1933 659 1966; x_wconf 85' lang='lat' dir='ltr'><strong>necessariorum</strong></span> <span class='ocrx_word' id='word_1_300' title='bbox 675 1933 687 1977; x_wconf 74' lang='grc' dir='ltr'>Η</span> <span class='ocrx_word' id='word_1_301' title='bbox 707 1937 725 1967; x_wconf 88' lang='grc'>5</span> <span class='ocrx_word' id='word_1_302' title='bbox 748 1934 893 1967; x_wconf 74' lang='lat' dir='ltr'><strong>traderet</strong></span> <span class='ocrx_word' id='word_1_303' title='bbox 918 1946 963 1966; x_wconf 71' lang='lat' dir='ltr'><strong>ea:</strong></span> <span class='ocrx_word' id='word_1_304' title='bbox 986 1934 1123 1967; x_wconf 82' lang='lat' dir='ltr'><strong>tradidit</strong></span> <span class='ocrx_word' id='word_1_305' title='bbox 1139 1934 1192 1977; x_wconf 85' lang='grc' dir='ltr'><strong>ΡΙΙ</strong></span> <span class='ocrx_word' id='word_1_306' title='bbox 1212 1937 1231 1968; x_wconf 91' lang='grc'>6</span> <span class='ocrx_word' id='word_1_307' title='bbox 1256 1934 1291 1966; x_wconf 82' lang='grc' dir='ltr'><strong>ἰῐ]</strong></span> <span class='ocrx_word' id='word_1_308' title='bbox 1315 1936 1521 1977; x_wconf 86' lang='lat' dir='ltr'><strong>potestatem</strong></span> 
     </span>
     <span class='ocr_line' id='line_1_37' title="bbox 96 1977 1523 2023; baseline 0 -12"><span class='ocrx_word' id='word_1_309' title='bbox 96 1977 161 2018; x_wconf 86' lang='lat' dir='ltr'><strong>PC,</strong></span> <span class='ocrx_word' id='word_1_310' title='bbox 186 1978 220 2010; x_wconf 92' lang='lat' dir='ltr'><strong>in</strong></span> <span class='ocrx_word' id='word_1_311' title='bbox 245 1981 415 2020; x_wconf 83' lang='lat' dir='ltr'><strong>potestate</strong></span> <span class='ocrx_word' id='word_1_312' title='bbox 443 1979 470 2011; x_wconf 90' lang='lat' dir='ltr'><em>C</em></span> <span class='ocrx_word' id='word_1_313' title='bbox 491 1979 682 2011; x_wconf 65' lang='lat' dir='ltr'><strong>deteriores</strong></span> <span class='ocrx_word' id='word_1_314' title='bbox 706 1983 740 2012; x_wconf 77' lang='lat' dir='ltr'><strong>et</strong></span> <span class='ocrx_word' id='word_1_315' title='bbox 760 1991 780 2011; x_wconf 77' lang='lat' dir='ltr'><strong><em>z</em></strong></span> <span class='ocrx_word' id='word_1_316' title='bbox 806 1978 818 2023; x_wconf 81' lang='grc'><strong>11</strong></span> <span class='ocrx_word' id='word_1_317' title='bbox 843 1982 899 2012; x_wconf 86' lang='lat' dir='ltr'><strong>aut</strong></span> <span class='ocrx_word' id='word_1_318' title='bbox 926 1980 1043 2022; x_wconf 90' lang='lat' dir='ltr'><strong>populi</strong></span> <span class='ocrx_word' id='word_1_319' title='bbox 1066 1980 1138 2021; x_wconf 87' lang='lat' dir='ltr'><strong>PC,</strong></span> <span class='ocrx_word' id='word_1_320' title='bbox 1171 1983 1228 2013; x_wconf 83' lang='lat' dir='ltr'><strong>aut</strong></span> <span class='ocrx_word' id='word_1_321' title='bbox 1253 1979 1371 2022; x_wconf 89' lang='lat' dir='ltr'><strong>populi</strong></span> <span class='ocrx_word' id='word_1_322' title='bbox 1394 1979 1523 2012; x_wconf 89' lang='lat' dir='ltr'><strong>romani</strong></span> 
     </span>
     <span class='ocr_line' id='line_1_38' title="bbox 99 2022 1524 2068; baseline 0.001 -13"><span class='ocrx_word' id='word_1_323' title='bbox 99 2022 127 2055; x_wconf 88' lang='lat' dir='ltr'><em>C</em></span> <span class='ocrx_word' id='word_1_324' title='bbox 151 2023 162 2066; x_wconf 90' lang='grc' dir='ltr'><strong>ΙΙ</strong></span> <span class='ocrx_word' id='word_1_325' title='bbox 190 2026 207 2056; x_wconf 84' lang='lat'>7</span> <span class='ocrx_word' id='word_1_326' title='bbox 244 2033 354 2065; x_wconf 91' lang='lat' dir='ltr'><strong>neque</strong></span> <span class='ocrx_word' id='word_1_327' title='bbox 377 2024 449 2065; x_wconf 87' lang='lat' dir='ltr'><strong>PC,</strong></span> <span class='ocrx_word' id='word_1_328' title='bbox 482 2034 549 2056; x_wconf 89' lang='lat' dir='ltr'><strong>non</strong></span> <span class='ocrx_word' id='word_1_329' title='bbox 581 2035 625 2056; x_wconf 76' lang='lat' dir='ltr'><strong>eoe</strong></span> <span class='ocrx_word' id='word_1_330' title='bbox 651 2024 678 2057; x_wconf 90' lang='lat' dir='ltr'><em>C</em></span> <span class='ocrx_word' id='word_1_331' title='bbox 706 2035 800 2057; x_wconf 75' lang='lat' dir='ltr'><strong>unus</strong></span> <span class='ocrx_word' id='word_1_332' title='bbox 830 2025 884 2056; x_wconf 80' lang='lat' dir='ltr'><strong>vel</strong></span> <span class='ocrx_word' id='word_1_333' title='bbox 907 2026 976 2057; x_wconf 82' lang='lat' dir='ltr'><strong>duo</strong></span> <span class='ocrx_word' id='word_1_334' title='bbox 1003 2024 1015 2068; x_wconf 77' lang='grc' dir='ltr'><strong>ΙΙ</strong></span> <span class='ocrx_word' id='word_1_335' title='bbox 1040 2027 1059 2058; x_wconf 90' lang='grc'>8</span> <span class='ocrx_word' id='word_1_336' title='bbox 1095 2035 1165 2058; x_wconf 85' lang='lat' dir='ltr'><strong>rem</strong></span> <span class='ocrx_word' id='word_1_337' title='bbox 1196 2037 1229 2068; x_wconf 86' lang='lat' dir='ltr'><strong>p.</strong></span> <span class='ocrx_word' id='word_1_338' title='bbox 1260 2026 1462 2067; x_wconf 74' lang='lat' dir='ltr'><strong>potestate*</strong></span> <span class='ocrx_word' id='word_1_339' title='bbox 1488 2025 1524 2057; x_wconf 93' lang='lat' dir='ltr'><strong>in</strong></span> 
     </span>
     <span class='ocr_line' id='line_1_39' title="bbox 96 2068 1522 2114; baseline 0.001 -14"><span class='ocrx_word' id='word_1_340' title='bbox 96 2068 243 2101; x_wconf 88' lang='lat' dir='ltr'><strong>hostium</strong></span> <span class='ocrx_word' id='word_1_341' title='bbox 269 2068 424 2101; x_wconf 86' lang='lat' dir='ltr'><strong>relictum</strong></span> <span class='ocrx_word' id='word_1_342' title='bbox 448 2069 488 2101; x_wconf 87' lang='lat' dir='ltr'><strong>iri</strong></span> <span class='ocrx_word' id='word_1_343' title='bbox 512 2071 570 2109; x_wconf 66' lang='grc' dir='ltr'><strong>(ρας</strong></span> <span class='ocrx_word' id='word_1_344' title='bbox 594 2069 655 2110; x_wconf 89' lang='lat' dir='ltr'><strong>ire)</strong></span> <span class='ocrx_word' id='word_1_345' title='bbox 679 2071 710 2102; x_wconf 93' lang='lat' dir='ltr'><em>P</em></span> <span class='ocrx_word' id='word_1_346' title='bbox 726 2069 738 2113; x_wconf 80' lang='grc' dir='ltr'><strong>ΙΙ</strong></span> <span class='ocrx_word' id='word_1_347' title='bbox 767 2072 806 2103; x_wconf 91' lang='grc'><strong>13</strong></span> <span class='ocrx_word' id='word_1_348' title='bbox 832 2070 977 2112; x_wconf 84' lang='lat' dir='ltr'><strong>benigne</strong></span> <span class='ocrx_word' id='word_1_349' title='bbox 993 2084 1032 2100; x_wconf 60' lang='grc' dir='ltr'><strong>*εκ</strong></span> <span class='ocrx_word' id='word_1_350' title='bbox 1048 2071 1170 2103; x_wconf 88' lang='lat' dir='ltr'><strong>hahere</strong></span> <span class='ocrx_word' id='word_1_351' title='bbox 1195 2070 1251 2114; x_wconf 87' lang='grc' dir='ltr'><strong>ΡΙΙ</strong></span> <span class='ocrx_word' id='word_1_352' title='bbox 1271 2072 1310 2104; x_wconf 80' lang='grc'><strong>14</strong></span> <span class='ocrx_word' id='word_1_353' title='bbox 1333 2069 1422 2102; x_wconf 86' lang='lat' dir='ltr'><strong>idem</strong></span> <span class='ocrx_word' id='word_1_354' title='bbox 1446 2081 1471 2102; x_wconf 83' lang='lat' dir='ltr'><strong>s.</strong></span> <span class='ocrx_word' id='word_1_355' title='bbox 1495 2081 1522 2102; x_wconf 78' lang='lat' dir='ltr'><strong>s.</strong></span> 
     </span>
     <span class='ocr_line' id='line_1_40' title="bbox 93 2113 1524 2158; baseline 0.001 -13"><span class='ocrx_word' id='word_1_356' title='bbox 93 2124 116 2156; x_wconf 85' lang='lat' dir='ltr'><strong>p</strong></span> <span class='ocrx_word' id='word_1_357' title='bbox 144 2113 157 2156; x_wconf 79' lang='grc' dir='ltr'><strong>ΙΙ</strong></span> <span class='ocrx_word' id='word_1_358' title='bbox 186 2113 345 2156; x_wconf 84' lang='lat' dir='ltr'><strong>pollicere</strong></span> <span class='ocrx_word' id='word_1_359' title='bbox 377 2113 444 2157; x_wconf 77' lang='lat' dir='ltr'><strong>Pu</strong></span> <span class='ocrx_word' id='word_1_360' title='bbox 475 2117 514 2148; x_wconf 85' lang='lat'><strong>15</strong></span> <span class='ocrx_word' id='word_1_361' title='bbox 551 2115 660 2147; x_wconf 90' lang='lat' dir='ltr'><strong>bonae</strong></span> <span class='ocrx_word' id='word_1_362' title='bbox 692 2126 719 2148; x_wconf 75' lang='lat' dir='ltr'><strong>s.</strong></span> <span class='ocrx_word' id='word_1_363' title='bbox 750 2126 776 2148; x_wconf 76' lang='lat' dir='ltr'><strong>S.</strong></span> <span class='ocrx_word' id='word_1_364' title='bbox 807 2126 830 2157; x_wconf 82' lang='lat' dir='ltr'><strong>p</strong></span> <span class='ocrx_word' id='word_1_365' title='bbox 861 2115 873 2158; x_wconf 78' lang='lat' dir='ltr'><strong>{l</strong></span> <span class='ocrx_word' id='word_1_366' title='bbox 901 2119 979 2148; x_wconf 88' lang='lat' dir='ltr'><strong>ante</strong></span> <span class='ocrx_word' id='word_1_367' title='bbox 1016 2115 1117 2158; x_wconf 89' lang='lat' dir='ltr'><strong>diem]</strong></span> <span class='ocrx_word' id='word_1_368' title='bbox 1160 2117 1246 2148; x_wconf 75' lang='lat' dir='ltr'><strong>haec</strong></span> <span class='ocrx_word' id='word_1_369' title='bbox 1279 2116 1405 2147; x_wconf 72' lang='lat' dir='ltr'><strong>ultima</strong></span> <span class='ocrx_word' id='word_1_370' title='bbox 1438 2119 1524 2147; x_wconf 77' lang='lat' dir='ltr'><strong>sunt</strong></span> 
     </span>
     <span class='ocr_line' id='line_1_41' title="bbox 95 2159 1522 2203; baseline 0.001 -13"><span class='ocrx_word' id='word_1_371' title='bbox 95 2160 134 2190; x_wconf 76' lang='lat' dir='ltr'><strong>in</strong></span> <span class='ocrx_word' id='word_1_372' title='bbox 158 2160 189 2191; x_wconf 91' lang='lat' dir='ltr'><em>P</em></span> <span class='ocrx_word' id='word_1_373' title='bbox 210 2160 315 2191; x_wconf 82' lang='lat' dir='ltr'><strong>verba</strong></span> <span class='ocrx_word' id='word_1_374' title='bbox 338 2159 400 2198; x_wconf 80' lang='lat' dir='ltr'><strong>fol.</strong></span> <span class='ocrx_word' id='word_1_375' title='bbox 425 2171 455 2191; x_wconf 83' lang='lat' dir='ltr'><strong>r.</strong></span> <span class='ocrx_word' id='word_1_376' title='bbox 479 2159 541 2201; x_wconf 77' lang='lat'><strong>46,</strong></span> <span class='ocrx_word' id='word_1_377' title='bbox 578 2163 693 2192; x_wconf 76' lang='lat' dir='ltr'><strong>cetera</strong></span> <span class='ocrx_word' id='word_1_378' title='bbox 724 2163 763 2192; x_wconf 81' lang='lat' dir='ltr'><strong>z‘n</strong></span> <span class='ocrx_word' id='word_1_379' title='bbox 793 2160 882 2199; x_wconf 75' lang='lat' dir='ltr'><strong>folio</strong></span> <span class='ocrx_word' id='word_1_380' title='bbox 915 2172 1034 2203; x_wconf 80' lang='lat' dir='ltr'><strong>verso,</strong></span> <span class='ocrx_word' id='word_1_381' title='bbox 1071 2164 1130 2193; x_wconf 81' lang='lat' dir='ltr'><strong>cui</strong></span> <span class='ocrx_word' id='word_1_382' title='bbox 1161 2165 1261 2193; x_wconf 75' lang='lat' dir='ltr'><strong>carta</strong></span> <span class='ocrx_word' id='word_1_383' title='bbox 1294 2161 1522 2202; x_wconf 72' lang='lat' dir='ltr'><strong>agglutinata</strong></span> 
     </span>
     <span class='ocr_line' id='line_1_42' title="bbox 95 2204 1523 2249; baseline 0.001 -14"><span class='ocrx_word' id='word_1_384' title='bbox 95 2207 154 2245; x_wconf 80' lang='lat' dir='ltr'><strong>est,</strong></span> <span class='ocrx_word' id='word_1_385' title='bbox 179 2204 389 2236; x_wconf 67' lang='lat' dir='ltr'><strong>delitescunt</strong></span> <span class='ocrx_word' id='word_1_386' title='bbox 405 2204 417 2246; x_wconf 84' lang='grc' dir='ltr'><strong>ΙΙ</strong></span> <span class='ocrx_word' id='word_1_387' title='bbox 439 2207 474 2237; x_wconf 83' lang='lat'><strong>17</strong></span> <span class='ocrx_word' id='word_1_388' title='bbox 499 2205 639 2238; x_wconf 87' lang='lat' dir='ltr'><strong>remotis</strong></span> <span class='ocrx_word' id='word_1_389' title='bbox 663 2206 784 2238; x_wconf 87' lang='lat' dir='ltr'><strong>ceteris</strong></span> <span class='ocrx_word' id='word_1_390' title='bbox 809 2205 930 2239; x_wconf 86' lang='lat' dir='ltr'><strong>dicitur</strong></span> <span class='ocrx_word' id='word_1_391' title='bbox 948 2206 982 2247; x_wconf 85' lang='lat' dir='ltr'><strong>C,</strong></span> <span class='ocrx_word' id='word_1_392' title='bbox 1008 2207 1130 2239; x_wconf 90' lang='lat' dir='ltr'><strong>ceteris</strong></span> <span class='ocrx_word' id='word_1_393' title='bbox 1155 2217 1221 2239; x_wconf 84' lang='lat' dir='ltr'><strong>om.</strong></span> <span class='ocrx_word' id='word_1_394' title='bbox 1239 2208 1350 2249; x_wconf 78' lang='lat' dir='ltr'><strong>pauci</strong></span> <span class='ocrx_word' id='word_1_395' title='bbox 1367 2206 1395 2239; x_wconf 91' lang='lat' dir='ltr'><em>C</em></span> <span class='ocrx_word' id='word_1_396' title='bbox 1409 2205 1421 2248; x_wconf 85' lang='grc' dir='ltr'><strong>ΙΙ</strong></span> <span class='ocrx_word' id='word_1_397' title='bbox 1437 2206 1523 2238; x_wconf 92' lang='lat' dir='ltr'><strong>mul-</strong></span> 
     </span>
     <span class='ocr_line' id='line_1_43' title="bbox 95 2249 1522 2294; baseline 0.001 -13"><span class='ocrx_word' id='word_1_398' title='bbox 95 2253 167 2282; x_wconf 82' lang='lat' dir='ltr'><strong>tum</strong></span> <span class='ocrx_word' id='word_1_399' title='bbox 191 2250 246 2281; x_wconf 79' lang='lat' dir='ltr'><strong>vel</strong></span> <span class='ocrx_word' id='word_1_400' title='bbox 267 2249 373 2282; x_wconf 87' lang='lat' dir='ltr'><strong>multa</strong></span> <span class='ocrx_word' id='word_1_401' title='bbox 401 2249 428 2282; x_wconf 89' lang='lat' dir='ltr'><em>C</em></span> <span class='ocrx_word' id='word_1_402' title='bbox 451 2249 464 2293; x_wconf 86' lang='grc' dir='ltr'><strong>ΙΙ</strong></span> <span class='ocrx_word' id='word_1_403' title='bbox 496 2250 592 2282; x_wconf 90' lang='lat' dir='ltr'><strong>uultu</strong></span> <span class='ocrx_word' id='word_1_404' title='bbox 622 2253 656 2283; x_wconf 88' lang='lat' dir='ltr'><strong>et</strong></span> <span class='ocrx_word' id='word_1_405' title='bbox 680 2251 786 2284; x_wconf 88' lang='lat' dir='ltr'><strong>oculis</strong></span> <span class='ocrx_word' id='word_1_406' title='bbox 819 2251 944 2294; x_wconf 88' lang='lat' dir='ltr'><strong>pariter</strong></span> <span class='ocrx_word' id='word_1_407' title='bbox 974 2254 1075 2294; x_wconf 84' lang='lat' dir='ltr'><strong>atque</strong></span> <span class='ocrx_word' id='word_1_408' title='bbox 1108 2252 1218 2285; x_wconf 90' lang='lat' dir='ltr'><strong>animo</strong></span> <span class='ocrx_word' id='word_1_409' title='bbox 1252 2252 1353 2284; x_wconf 88' lang='lat' dir='ltr'><strong>uariis</strong></span> <span class='ocrx_word' id='word_1_410' title='bbox 1377 2251 1522 2284; x_wconf 70' lang='lat' dir='ltr'><strong>Servius</strong></span> 
     </span>
     <span class='ocr_line' id='line_1_44' title="bbox 93 2294 1520 2340; baseline 0.002 -14"><span class='ocrx_word' id='word_1_411' title='bbox 93 2294 257 2327; x_wconf 78' lang='lat' dir='ltr'><strong>Danielis</strong></span> <span class='ocrx_word' id='word_1_412' title='bbox 280 2297 319 2326; x_wconf 80' lang='lat' dir='ltr'><strong>in</strong></span> <span class='ocrx_word' id='word_1_413' title='bbox 338 2295 375 2327; x_wconf 86' lang='lat' dir='ltr'><em>V</em></span> <span class='ocrx_word' id='word_1_414' title='bbox 371 2305 442 2336; x_wconf 75' lang='lat' dir='ltr'><strong>erg.</strong></span> <span class='ocrx_word' id='word_1_415' title='bbox 461 2295 548 2327; x_wconf 82' lang='lat' dir='ltr'><strong>Aen.</strong></span> <span class='ocrx_word' id='word_1_416' title='bbox 567 2296 598 2336; x_wconf 91' lang='lat'><strong>7,</strong></span> <span class='ocrx_word' id='word_1_417' title='bbox 613 2296 690 2337; x_wconf 81' lang='lat'><strong>251,</strong></span> <span class='ocrx_word' id='word_1_418' title='bbox 715 2296 811 2329; x_wconf 88' lang='lat' dir='ltr'><strong>uultu</strong></span> <span class='ocrx_word' id='word_1_419' title='bbox 838 2296 986 2338; x_wconf 81' lang='lat' dir='ltr'><strong>corporis</strong></span> <span class='ocrx_word' id='word_1_420' title='bbox 1011 2297 1136 2338; x_wconf 86' lang='lat' dir='ltr'><strong>pariter</strong></span> <span class='ocrx_word' id='word_1_421' title='bbox 1160 2302 1261 2340; x_wconf 78' lang='lat' dir='ltr'><strong>atque</strong></span> <span class='ocrx_word' id='word_1_422' title='bbox 1279 2297 1390 2330; x_wconf 88' lang='lat' dir='ltr'><strong>animo</strong></span> <span class='ocrx_word' id='word_1_423' title='bbox 1407 2296 1520 2329; x_wconf 87' lang='lat' dir='ltr'><strong>uarius</strong></span> 
     </span>
     <span class='ocr_line' id='line_1_45' title="bbox 97 2339 1520 2385; baseline 0 -12"><span class='ocrx_word' id='word_1_424' title='bbox 97 2339 138 2381; x_wconf 90' lang='lat' dir='ltr'><strong>C,</strong></span> <span class='ocrx_word' id='word_1_425' title='bbox 163 2339 260 2372; x_wconf 88' lang='lat' dir='ltr'><strong>uultu</strong></span> <span class='ocrx_word' id='word_1_426' title='bbox 292 2340 405 2373; x_wconf 89' lang='lat' dir='ltr'><strong>colore</strong></span> <span class='ocrx_word' id='word_1_427' title='bbox 438 2343 531 2373; x_wconf 87' lang='lat' dir='ltr'><strong>motu</strong></span> <span class='ocrx_word' id='word_1_428' title='bbox 567 2341 634 2381; x_wconf 80' lang='lat' dir='ltr'><strong>(vel</strong></span> <span class='ocrx_word' id='word_1_429' title='bbox 662 2351 727 2373; x_wconf 85' lang='lat' dir='ltr'><strong>om.</strong></span> <span class='ocrx_word' id='word_1_430' title='bbox 752 2342 860 2381; x_wconf 80' lang='lat' dir='ltr'><strong>motu)</strong></span> <span class='ocrx_word' id='word_1_431' title='bbox 894 2342 1217 2383; x_wconf 83' lang='lat' dir='ltr'><strong>corporis—uarius</strong></span> <span class='ocrx_word' id='word_1_432' title='bbox 1240 2354 1260 2373; x_wconf 80' lang='lat' dir='ltr'><em>z</em></span> <span class='ocrx_word' id='word_1_433' title='bbox 1286 2340 1299 2385; x_wconf 77' lang='grc'><strong>11</strong></span> <span class='ocrx_word' id='word_1_434' title='bbox 1326 2344 1366 2376; x_wconf 78' lang='grc'><strong>18</strong></span> <span class='ocrx_word' id='word_1_435' title='bbox 1391 2340 1520 2375; x_wconf 88' lang='lat' dir='ltr'><strong>scilicet</strong></span> 
     </span>
     <span class='ocr_line' id='line_1_46' title="bbox 99 2385 1519 2430; baseline 0.001 -12"><span class='ocrx_word' id='word_1_436' title='bbox 99 2388 229 2418; x_wconf 87' lang='lat' dir='ltr'><strong>tacente</strong></span> <span class='ocrx_word' id='word_1_437' title='bbox 247 2385 365 2426; x_wconf 73' lang='lat' dir='ltr'><strong>zC(?),</strong></span> <span class='ocrx_word' id='word_1_438' title='bbox 390 2385 520 2418; x_wconf 87' lang='lat' dir='ltr'><strong>scilicet</strong></span> <span class='ocrx_word' id='word_1_439' title='bbox 536 2385 583 2417; x_wconf 88' lang='lat' dir='ltr'><strong>ita</strong></span> <span class='ocrx_word' id='word_1_440' title='bbox 599 2388 732 2418; x_wconf 85' lang='lat' dir='ltr'><strong>tacente</strong></span> <span class='ocrx_word' id='word_1_441' title='bbox 750 2386 792 2419; x_wconf 85' lang='lat' dir='ltr'><strong>C.-</strong></span> <span class='ocrx_word' id='word_1_442' title='bbox 817 2397 863 2418; x_wconf 81' lang='lat' dir='ltr'><strong>an</strong></span> <span class='ocrx_word' id='word_1_443' title='bbox 881 2386 979 2419; x_wconf 86' lang='lat' dir='ltr'><strong>facile</strong></span> <span class='ocrx_word' id='word_1_444' title='bbox 997 2387 1098 2420; x_wconf 88' lang='lat' dir='ltr'><strong>etiam</strong></span> <span class='ocrx_word' id='word_1_445' title='bbox 1117 2390 1273 2420; x_wconf 84' lang='lat' dir='ltr'><strong>tacente?</strong></span> <span class='ocrx_word' id='word_1_446' title='bbox 1291 2388 1303 2430; x_wconf 74' lang='grc' dir='ltr'><strong>Ι]</strong></span> <span class='ocrx_word' id='word_1_447' title='bbox 1322 2389 1361 2420; x_wconf 84' lang='grc'><strong>19</strong></span> <span class='ocrx_word' id='word_1_448' title='bbox 1385 2386 1519 2420; x_wconf 86' lang='lat' dir='ltr'><strong>occulta</strong></span> 
     </span>
     <span class='ocr_line' id='line_1_47' title="bbox 95 2429 1519 2473; baseline 0.001 -11"><span class='ocrx_word' id='word_1_449' title='bbox 95 2429 244 2473; x_wconf 86' lang='lat' dir='ltr'><strong>pectoris</strong></span> <span class='ocrx_word' id='word_1_450' title='bbox 267 2431 470 2473; x_wconf 85' lang='lat' dir='ltr'><strong>patefecisse</strong></span> <span class='ocrx_word' id='word_1_451' title='bbox 487 2429 610 2471; x_wconf 70' lang='lat' dir='ltr'><strong>z(C?),</strong></span> <span class='ocrx_word' id='word_1_452' title='bbox 633 2431 803 2464; x_wconf 87' lang='lat' dir='ltr'><strong>occultare</strong></span> <span class='ocrx_word' id='word_1_453' title='bbox 828 2435 862 2465; x_wconf 87' lang='lat' dir='ltr'><strong>et</strong></span> <span class='ocrx_word' id='word_1_454' title='bbox 887 2432 954 2464; x_wconf 90' lang='lat' dir='ltr'><strong>oris</strong></span> <span class='ocrx_word' id='word_1_455' title='bbox 979 2432 1213 2465; x_wconf 84' lang='lat' dir='ltr'><strong>immutatione</strong></span> <span class='ocrx_word' id='word_1_456' title='bbox 1238 2432 1519 2473; x_wconf 74' lang='lat' dir='ltr'><strong>(immutationem</strong></span> 
     </span>
     <span class='ocr_line' id='line_1_48' title="bbox 93 2475 1518 2520; baseline 0.001 -12"><span class='ocrx_word' id='word_1_457' title='bbox 93 2487 119 2508; x_wconf 79' lang='lat' dir='ltr'><strong>s,</strong></span> <span class='ocrx_word' id='word_1_458' title='bbox 136 2486 163 2507; x_wconf 78' lang='lat' dir='ltr'><strong>s.</strong></span> <span class='ocrx_word' id='word_1_459' title='bbox 187 2476 226 2506; x_wconf 81' lang='lat' dir='ltr'><strong>in</strong></span> <span class='ocrx_word' id='word_1_460' title='bbox 249 2478 334 2516; x_wconf 82' lang='lat' dir='ltr'><strong>uno)</strong></span> <span class='ocrx_word' id='word_1_461' title='bbox 359 2475 560 2518; x_wconf 86' lang='lat' dir='ltr'><strong>patefecisse</strong></span> <span class='ocrx_word' id='word_1_462' title='bbox 585 2476 640 2507; x_wconf 83' lang='lat' dir='ltr'><strong>vel</strong></span> <span class='ocrx_word' id='word_1_463' title='bbox 661 2477 794 2510; x_wconf 85' lang='lat' dir='ltr'><strong>occulta</strong></span> <span class='ocrx_word' id='word_1_464' title='bbox 819 2477 931 2519; x_wconf 83' lang='lat' dir='ltr'><strong>specie</strong></span> <span class='ocrx_word' id='word_1_465' title='bbox 956 2477 1023 2510; x_wconf 89' lang='lat' dir='ltr'><strong>oris</strong></span> <span class='ocrx_word' id='word_1_466' title='bbox 1047 2477 1249 2520; x_wconf 83' lang='lat' dir='ltr'><strong>patefecisse</strong></span> <span class='ocrx_word' id='word_1_467' title='bbox 1268 2477 1322 2520; x_wconf 80' lang='grc'><strong>011</strong></span> <span class='ocrx_word' id='word_1_468' title='bbox 1338 2476 1465 2510; x_wconf 86' lang='lat' dir='ltr'><strong>accersi</strong></span> <span class='ocrx_word' id='word_1_469' title='bbox 1484 2477 1518 2518; x_wconf 89' lang='lat' dir='ltr'><strong>C,</strong></span> 
     </span>
     <span class='ocr_line' id='line_1_49' title="bbox 95 2520 1519 2567; baseline 0.001 -14"><span class='ocrx_word' id='word_1_470' title='bbox 95 2520 219 2553; x_wconf 89' lang='lat' dir='ltr'><strong>arcessi</strong></span> <span class='ocrx_word' id='word_1_471' title='bbox 243 2521 299 2552; x_wconf 80' lang='lat' dir='ltr'><strong>vel</strong></span> <span class='ocrx_word' id='word_1_472' title='bbox 321 2521 475 2554; x_wconf 87' lang='lat' dir='ltr'><strong>accersiri</strong></span> <span class='ocrx_word' id='word_1_473' title='bbox 497 2520 633 2562; x_wconf 76' lang='lat' dir='ltr'><strong>singuli</strong></span> <span class='ocrx_word' id='word_1_474' title='bbox 659 2520 685 2553; x_wconf 88' lang='lat' dir='ltr'><em>C</em></span> <span class='ocrx_word' id='word_1_475' title='bbox 698 2520 711 2565; x_wconf 80' lang='grc' dir='ltr'><strong>ΙΙ</strong></span> <span class='ocrx_word' id='word_1_476' title='bbox 730 2523 772 2555; x_wconf 82' lang='grc'><strong>20</strong></span> <span class='ocrx_word' id='word_1_477' title='bbox 796 2522 887 2564; x_wconf 87' lang='lat' dir='ltr'><strong>illius</strong></span> <span class='ocrx_word' id='word_1_478' title='bbox 905 2522 961 2554; x_wconf 79' lang='lat' dir='ltr'><strong>vel</strong></span> <span class='ocrx_word' id='word_1_479' title='bbox 974 2522 1046 2555; x_wconf 86' lang='lat' dir='ltr'><strong>cius</strong></span> <span class='ocrx_word' id='word_1_480' title='bbox 1066 2522 1117 2567; x_wconf 84' lang='grc'><strong>011</strong></span> <span class='ocrx_word' id='word_1_481' title='bbox 1137 2525 1179 2556; x_wconf 83' lang='grc'><strong>29</strong></span> <span class='ocrx_word' id='word_1_482' title='bbox 1204 2523 1365 2565; x_wconf 88' lang='lat' dir='ltr'><strong>caepione</strong></span> <span class='ocrx_word' id='word_1_483' title='bbox 1386 2521 1442 2554; x_wconf 83' lang='lat' dir='ltr'><strong>vel</strong></span> <span class='ocrx_word' id='word_1_484' title='bbox 1455 2522 1519 2554; x_wconf 91' lang='lat' dir='ltr'><strong>sci—</strong></span> 
     </span>
     <span class='ocr_line' id='line_1_50' title="bbox 94 2565 1516 2651; baseline 0.003 -54"><span class='ocrx_word' id='word_1_485' title='bbox 94 2565 196 2608; x_wconf 89' lang='lat' dir='ltr'><strong>pione</strong></span> <span class='ocrx_word' id='word_1_486' title='bbox 215 2565 268 2651; x_wconf 64' lang='lat' dir='ltr'><strong>Csl]</strong></span> <span class='ocrx_word' id='word_1_487' title='bbox 285 2576 339 2608; x_wconf 83' lang='lat' dir='ltr'><strong>gn.</strong></span> <span class='ocrx_word' id='word_1_488' title='bbox 356 2567 411 2599; x_wconf 78' lang='lat' dir='ltr'><strong>vel</strong></span> <span class='ocrx_word' id='word_1_489' title='bbox 432 2577 475 2599; x_wconf 91' lang='lat' dir='ltr'><strong>m.</strong></span> <span class='ocrx_word' id='word_1_490' title='bbox 497 2566 621 2599; x_wconf 86' lang='lat' dir='ltr'><strong>manlio</strong></span> <span class='ocrx_word' id='word_1_491' title='bbox 640 2566 675 2609; x_wconf 89' lang='lat' dir='ltr'><strong>C,</strong></span> <span class='ocrx_word' id='word_1_492' title='bbox 700 2577 850 2609; x_wconf 76' lang='lat' dir='ltr'><strong>quorum</strong></span> <span class='ocrx_word' id='word_1_493' title='bbox 875 2570 1026 2610; x_wconf 77' lang='lat' dir='ltr'><strong>optimus</strong></span> <span class='ocrx_word' id='word_1_494' title='bbox 1049 2577 1126 2601; x_wconf 90' lang='lat' dir='ltr'><strong>men</strong></span> <span class='ocrx_word' id='word_1_495' title='bbox 1151 2571 1189 2610; x_wconf 79' lang='lat' dir='ltr'><strong>(S.</strong></span> <span class='ocrx_word' id='word_1_496' title='bbox 1202 2579 1228 2601; x_wconf 75' lang='lat' dir='ltr'><strong>S.</strong></span> <span class='ocrx_word' id='word_1_497' title='bbox 1246 2568 1339 2611; x_wconf 81' lang='lat' dir='ltr'><strong>gnio)</strong></span> <span class='ocrx_word' id='word_1_498' title='bbox 1355 2567 1516 2602; x_wconf 89' lang='lat' dir='ltr'><strong>manlium</strong></span> 
     </span>
     <span class='ocr_line' id='line_1_51' title="bbox 95 2612 360 2644; baseline 0 0"><span class='ocrx_word' id='word_1_499' title='bbox 95 2612 222 2644; x_wconf 77' lang='lat' dir='ltr'><strong>habere</strong></span> <span class='ocrx_word' id='word_1_500' title='bbox 263 2615 360 2644; x_wconf 78' lang='lat' dir='ltr'><strong>ertur</strong></span> 
     </span>
    </p>
   </div>
  </div>
 </body>
</html>
