1709 2885
180 89 232 128 64
683 91 716 126 C.
736 91 939 125 SALLUSTI
965 91 1099 125 CRISPI

177 193 344 234 Mamilia
364 193 566 244 rogatione
595 202 673 234 tres
694 193 935 245 quaesitores
954 200 1199 246 rogarentur,
1229 196 1409 236 effecerat
1432 196 1488 235 uti
1510 196 1593 248 ipse

136 257 156 288 5
177 251 218 290 in
242 263 286 289 eo
311 262 473 289 numero
495 257 704 290 crearetur.
754 251 819 289 sed
841 251 1016 300 quaestio
1041 251 1206 290 exercita
1229 264 1364 303 aspere
1385 253 1593 292 violenter-

178 319 254 358 que
282 319 327 345 ex
348 318 505 346 rumore
538 314 576 346 et
595 307 769 346 lubidine
791 306 927 357 plebis.
977 313 1019 346 ut
1038 321 1153 358 saepe
1185 308 1443 354 nobilitatem,
1473 309 1529 348 sic
1550 323 1592 349 ea

178 368 405 414 tempestate
426 362 577 414 plebem
600 377 644 402 ex
665 363 847 402 secundis
867 362 984 402 rebus
1003 363 1208 403 insolentia
1229 371 1395 415 ceperat.

107 421 155 457 41
293 419 473 459 Ceterum
503 432 586 458 mos
609 420 775 471 partium
807 419 1053 470 popularium
1084 426 1120 459 et
1147 420 1358 460 factionum
1379 434 1424 460 ac
1452 421 1592 461 deinde

180 475 354 514 omnium
376 475 561 514 malarum
584 476 721 514 artium
745 476 879 526 paucis
899 482 988 515 ante
1007 477 1120 515 annis
1141 476 1283 516 Romae
1305 484 1414 516 ortus
1434 484 1493 517 est
1512 478 1590 517 otio

134 537 153 569 2
177 538 292 582 atque
309 531 543 570 abundantia
561 544 692 571 earum
712 544 856 579 rerum,
875 545 972 583 quae
990 533 1111 583 prima
1128 533 1309 572 mortales
1319 534 1479 573 ducunt.
1503 547 1592 573 nam

176 594 266 626 ante
288 587 557 638 Carthaginem
590 589 751 627 deletam
782 589 951 640 populus
980 597 1018 627 et
1038 596 1196 628 senatus
1217 589 1414 629 Romanus
1444 590 1593 642 placide

176 643 429 695 modesteque
444 645 546 684 inter
561 657 601 683 se
619 657 700 683 rem
717 644 907 696 publicam
919 646 1145 689 tractabant,
1165 658 1291 696 neque
1309 647 1454 696 gloriae
1465 659 1593 698 neque

178 700 454 740 dominationis
476 708 671 740 certamen
702 701 803 740 inter
823 702 915 740 civis
945 708 1045 740 erat:
1083 708 1207 741 metus
1230 703 1380 741 hostilis
1409 704 1448 742 in
1479 703 1592 742 bonis

135 763 154 795 3
179 756 327 795 artibus
358 756 548 796 civitatem
581 757 781 796 retinebat.
833 758 898 797 sed
931 758 995 796 ubi
1029 758 1089 797 illa
1112 759 1277 797 formido
1301 758 1494 798 mentibus
1525 759 1592 799 de-

179 812 307 860 cessit,
330 813 479 853 scilicet
500 826 556 862 ea,
578 826 676 864 quae
694 826 755 853 res
768 814 962 853 secundae
978 820 1120 863 amant,
1143 815 1294 854 lascivia
1316 819 1432 865 atque
1453 827 1592 867 super—

135 876 154 907 4
177 868 238 908 hia
265 868 473 909 incessere.
515 870 564 909 ita
587 870 691 921 quod
712 870 752 909 in
774 870 945 909 advorsis
962 871 1078 909 rebus
1100 877 1326 922 optaverant
1347 871 1467 910 otium
1485 877 1593 923 post-

136 933 153 963 5
178 937 293 976 quam
322 926 450 977 adepti
480 933 592 974 sunt,
622 927 798 977 asperius
819 926 1073 977 acerbiusque
1103 928 1187 966 suit.
1239 940 1406 978 namque
1426 940 1593 979 coepere

177 982 358 1021 nobilitas
375 983 598 1032 dignitatem
621 983 792 1034 populus
810 983 1024 1022 libertatem
1042 984 1080 1022 in
1103 984 1316 1022 lubidinem
1332 990 1496 1030 vortere,
1519 983 1592 1023 sibi

178 1038 344 1089 quisque
361 1039 503 1078 ducere
520 1040 673 1079 trahere
690 1052 839 1090 rapere.
882 1039 931 1078 ita
948 1040 1076 1078 omnia
1093 1040 1131 1078 in
1155 1040 1250 1079 duas
1269 1041 1388 1090 partis
1404 1040 1593 1079 abstracta

135 1100 153 1131 6
177 1100 282 1141 sunt,
304 1107 366 1134 res
387 1095 555 1146 publica,
588 1109 686 1147 quae
712 1096 834 1135 media
855 1095 992 1143 luerat,
1015 1096 1231 1135 dilacerata.
1277 1103 1449 1135 ceterum
1480 1096 1593 1136 nobi-

176 1151 262 1190 litas
282 1152 450 1191 factione
479 1153 602 1203 magis
623 1152 805 1204 pollebat,
836 1152 959 1203 plebis
981 1152 1034 1190 vis
1056 1152 1179 1190 soluta
1201 1157 1318 1203 atque
1347 1153 1520 1204 dispersa
1552 1153 1592 1192 in

134 1214 150 1244 7
176 1208 424 1247 multitudine
455 1208 585 1247 minus
623 1214 786 1259 poterat.
846 1221 1058 1259 paucorum
1089 1207 1248 1247 arbitrio
1284 1207 1374 1247 belli
1410 1209 1592 1260 domique

175 1264 402 1314 agitabatur,
426 1277 547 1315 penes
564 1265 719 1304 eosdem
737 1265 925 1303 aerarium
946 1265 1167 1316 provinciae
1186 1265 1433 1314 magistratus
1450 1265 1594 1316 gloriae

175 1320 444 1371 triumphique
465 1327 593 1359 erant:
618 1321 788 1372 populus
805 1321 938 1360 militia
956 1326 1071 1372 atque
1092 1321 1223 1372 inopia
1243 1321 1464 1372 urgebatur,
1481 1333 1594 1373 prae-

135 1382 153 1413 8
177 1377 242 1415 das
265 1376 420 1416 bellicas
442 1378 697 1429 imperatores
723 1390 811 1416 cum
842 1378 976 1429 paucis
997 1377 1243 1428 diripiebant.
1285 1378 1432 1417 interea
1451 1390 1592 1429 paren-

177 1440 235 1472 tes
255 1439 321 1472 aut
342 1435 447 1485 parvi
469 1434 579 1473 liberi
603 1434 781 1481 militum,
812 1434 868 1473 uti
891 1434 1056 1485 quisque
1078 1434 1287 1485 potentiori
1312 1434 1477 1473 confinis
1498 1442 1591 1482 erat,

135 1494 154 1525 9
177 1489 333 1528 sedibus
356 1490 611 1540 pellebantur.
655 1491 704 1529 ita
727 1503 815 1529 cum
843 1491 1015 1541 potentia
1036 1490 1188 1529 avaritia
1211 1491 1296 1529 sine
1316 1491 1430 1530 modo
1460 1491 1592 1530 mode-

179 1546 329 1596 stiaque
362 1547 561 1593 invadere,
592 1546 767 1597 polluere
799 1553 836 1585 et
856 1552 1001 1585 vastare
1022 1547 1173 1594 omnia,
1203 1547 1299 1586 nihil
1321 1547 1433 1598 pensi
1465 1559 1593 1598 neque

117 1607 156 1638 10
179 1602 300 1641 sancti
322 1602 476 1649 habere,
506 1603 631 1653 quoad
654 1609 775 1641 semet
795 1603 876 1653 ipsa
898 1603 1174 1653 praecipitavit.
1218 1615 1303 1641 nam
1336 1603 1400 1642 ubi
1423 1604 1594 1654 primum
1627 1613 1631 1616 ·

181 1671 224 1697 ex
248 1659 445 1697 nobilitate
475 1660 616 1710 reperti
639 1665 733 1697 sunt
761 1659 824 1710 qui
858 1671 982 1697 veram
1014 1659 1172 1709 gloriam
1205 1659 1369 1698 iniustae
1398 1660 1594 1711 potentiae

179 1721 476 1766 anteponerent,
508 1715 651 1754 moveri
684 1715 815 1754 civitas
846 1721 883 1754 et
912 1715 1103 1754 dissensio
1135 1715 1255 1754 civilis
1285 1716 1392 1766 quasi
1426 1717 1594 1767 permix-

105 1771 155 1806 42
180 1771 232 1810 tio
274 1777 398 1810 terrae
436 1771 530 1810 oriri
572 1771 712 1822 coepit.
774 1783 861 1809 nam
901 1776 1107 1821 postquam
1143 1771 1200 1810 Ti.
1234 1778 1271 1810 et
1301 1770 1341 1810 C.
1382 1772 1593 1821 Gracchus,

180 1839 348 1878 quorum
378 1827 543 1866 maiores
573 1827 722 1866 Punico
753 1833 869 1878 atque
890 1827 973 1866 aliis
1004 1827 1114 1866 bellis
1143 1828 1308 1867 multum
1339 1829 1393 1867 rei
1417 1828 1595 1880 publicae

176 1884 412 1932 addiderant,
445 1884 640 1923 vindicare
671 1882 821 1935 plebem
846 1884 884 1922 in
906 1883 1122 1923 libertatem
1145 1890 1183 1923 et
1212 1896 1426 1935 paucorum
1449 1886 1594 1924 scelera

176 1942 393 1992 patefacere
424 1953 611 1993 coepere,
653 1940 833 1979 nobilitas
873 1940 985 1979 noxia
1027 1947 1141 1991 atque
1176 1952 1221 1979 eo
1262 1940 1440 1992 perculsa
1478 1941 1593 1980 modo

269 2042 283 2073 1
313 2040 458 2072 mamilia
483 2039 658 2082 rogatione
684 2046 778 2082 (roga
803 2042 840 2071 in
864 2051 933 2072 raS.
959 2041 998 2081 P)
1023 2039 1093 2081 PC,
1123 2039 1260 2072 mamilli
1290 2040 1346 2072 vel
1367 2039 1518 2073 mamillii
1543 2051 1595 2074 ro-

176 2085 312 2128 gatione
336 2084 362 2117 C
375 2085 387 2129 ΙΙ
407 2087 425 2118 2
445 2085 590 2118 exercita
607 2094 724 2127 aspere
739 2096 774 2127 p,
793 2085 901 2117 excita
913 2098 929 2114 ι
942 2095 1059 2128 aspera
1076 2084 1129 2127 ΡΗ
1149 2088 1167 2118 5
1192 2094 1287 2118 mo=oes
1304 2085 1334 2117 P
1347 2083 1360 2128 ΙΙ
1375 2085 1519 2128 partium
1536 2095 1595 2128 po-

176 2130 342 2174 pularium
367 2134 400 2162 et
426 2130 607 2163 factionum
627 2129 817 2168 Cf01·lasse
833 2134 942 2162 recte:
967 2130 1109 2173 partium
1136 2129 1344 2173 popularium
1370 2134 1403 2162 et
1420 2134 1594 2164 senatores

177 2175 359 2208 factionum
373 2175 430 2207 PC
442 2177 512 2207 uisi
527 2176 622 2217 qnod
634 2180 770 2208 senatus
790 2175 842 2207 ivel
853 2179 1044 2208 senatorum
1064 2175 1117 2207 vel
1127 2174 1330 2208 senatorium
1345 2176 1385 2206 in
1398 2175 1489 2216 aliis,
1506 2185 1595 2218 quae

176 2221 340 2253 videntur
363 2221 578 2263 interpolata
604 2231 674 2252 esse
688 2223 833 2262 propter
855 2221 960 2253 verba
983 2232 1013 2252 v.
1032 2222 1062 2253 8.
1081 2219 1140 2260 Ι8;
1164 2219 1374 2263 popularium
1401 2223 1435 2252 et
1456 2224 1594 2253 senatus

175 2277 242 2299 s.s.
266 2269 304 2298 in
328 2277 346 2297 z
372 2268 513 2308 optimo,
539 2265 604 2298 del.
624 2266 795 2299 Gmtterus
814 2264 825 2308 Η
843 2267 861 2298 S
888 2275 1044 2298 romanus
1069 2276 1114 2297 ea:
1137 2265 1281 2298 romanis
1299 2264 1355 2308 Pu
1375 2267 1414 2298 14
1440 2264 1503 2298 sun,
1527 2265 1591 2306 PC,

176 2311 270 2344 suere
294 2311 348 2343 vel
370 2310 409 2343 sit
434 2311 487 2352 Cll
508 2313 545 2344 15
570 2310 743 2344 libidinem
765 2321 799 2352 p,
830 2309 958 2342 libidini
984 2309 1037 2354 ΡΗ
1063 2312 1098 2343 17
1129 2310 1196 2343 sint
1219 2308 1275 2354 1³11
1296 2311 1333 2342 18
1359 2309 1544 2352 plebisoeuis
1568 2311 1599 2344 Ρ

174 2354 186 2396 ss
208 2357 245 2390 19
262 2355 477 2389 multitudine
496 2358 526 2389 P
540 2355 552 2399 ΙΙ
569 2357 612 2390 20
636 2355 828 2399 prouinciae
852 2355 1068 2397 magistratus
1093 2354 1232 2397 gloriae]
1255 2353 1300 2393 cll
1320 2353 1488 2395 Cornifiei
1503 2356 1593 2387 rhet.

175 2401 208 2443 3,
228 2402 261 2442 6,
285 2401 335 2434 10.
362 2402 391 2442 7,
414 2402 455 2434 14
480 2398 685 2443 potestates,
708 2398 886 2443 gloriae':
911 2400 1020 2433 loreae
1048 2401 1206 2443 Bernays
1234 2399 1321 2432 Max.
1351 2401 1404 2432 νΙι.
1435 2401 1487 2442 15,
1518 2400 1592 2441 168,

177 2446 318 2480 adoreae
335 2447 454 2489 Bergk
470 2446 594 2479 I’ltilol.
609 2447 662 2487 29,
674 2446 740 2479 237
754 2447 882 2478 abusus
897 2445 1092 2478 Frontonis
1107 2456 1141 2487 p.
1155 2445 1220 2478 120
1231 2446 1345 2477 verbis
1361 2444 1372 2488 ΙΙ
1392 2446 1434 2478 26
1460 2445 1594 2488 quonead

177 2491 232 2536 ΡΗ
249 2492 322 2535 ipsa
348 2491 388 2533 C,
413 2492 520 2535 ipsam
546 2490 626 2535 PCM
646 2493 687 2524 28
720 2491 896 2534 permixtio
929 2493 1036 2523 terrae
1061 2490 1138 2523 oriri
1171 2491 1276 2530 (corr.
1302 2501 1347 2522 ιιι·
1370 2490 1592 2532 permixtione

178 2541 283 2570 terrae
308 2537 362 2569 riri
396 2537 472 2579 [sic]
500 2538 538 2576 P)
563 2536 630 2577 PC,
663 2536 882 2579 permixtione
918 2539 1023 2569 terrae
1056 2535 1132 2569 oriri
1160 2535 1187 2567 0
1207 2546 1224 2566 e
1248 2536 1373 2576 quibus
1403 2535 1594 2568 deteriores

177 2582 398 2624 permixtione
425 2582 556 2619 terreri:
582 2582 673 2614 idem
697 2581 807 2614 voluit
828 2592 850 2624 p
877 2584 912 2613 in
938 2591 1008 2623 mg.
1032 2579 1045 2613 l
1070 2579 1201 2613 terreri:
1227 2581 1270 2619 cf}
1286 2580 1316 2621 7,
1329 2579 1361 2613 2.
1378 2580 1468 2622 99‚3
