1709 2885
196 112 249 152 40
699 115 733 148 C.
752 114 953 148 SALLUSTl
980 114 1115 148 CRISPI

195 217 362 265 buntur,
393 224 429 256 at
450 217 582 269 ingeni
604 218 755 268 egregia
782 217 952 256 facinora
974 217 1087 256 sicuti
1109 217 1234 256 anima
1263 218 1479 258 inmortalia
1500 226 1604 258 sunt.

151 279 170 311 3
195 281 392 325 postremo
415 274 591 325 corporis
621 281 659 312 et
679 274 857 313 fortunae
888 273 1080 312 honorum
1114 280 1155 313 ut
1176 274 1328 313 initium
1351 274 1406 313 sic
1436 275 1524 314 finis
1548 281 1606 314 est

195 331 401 380 omniaque
419 336 500 369 orta
522 330 705 368 occidunt
726 336 763 369 et
783 335 891 368 aucta
909 336 1138 370 senescunt:
1168 330 1322 369 animus
1344 331 1604 382 iuconruptus

193 392 374 425 aeternus
405 393 534 425 rector
554 386 714 425 humani
745 385 899 436 generis
919 385 997 437 agit
1026 391 1139 436 atque
1172 386 1285 425 habet
1305 393 1445 426 cuncta
1476 399 1604 438 neque

148 448 168 479 4
194 441 276 493 ipse
298 442 473 481 habetur.
515 455 591 493 quo
613 443 734 493 magis
757 442 920 493 pravitas
950 454 1082 481 eorum
1105 442 1326 481 admiranda
1348 449 1418 491 est,
1448 443 1514 494 qui
1537 444 1603 482 de-

193 497 259 536 diti
282 499 460 550 corporis
482 498 631 549 gaudiis
654 511 724 549 per
745 498 875 536 luxum
898 505 935 536 et
956 498 1141 549 ignaviam
1164 505 1325 537 aetatem
1346 506 1479 549 agunt,
1503 507 1602 545 cete-

190 565 277 593 rum
300 555 513 605 ingenium,
536 567 613 605 quo
638 566 763 605 neque
784 554 922 593 melius
944 567 1071 605 neque
1094 555 1258 605 amplius
1281 555 1383 594 aliud
1405 556 1443 595 in
1468 552 1602 595 nat'ura

189 611 408 649 mortalium
440 617 509 657 est,
540 611 689 649 incultu
722 617 837 661 atque
867 611 1041 649 socordia
1072 617 1296 662 torpescere
1327 611 1482 659 sinunt,
1515 623 1603 650 cum

189 667 417 717 praesertim
439 674 513 705 tam
535 667 675 705 multae
698 667 898 717 variaeque
920 668 998 705 sint
1018 673 1118 706 artes
1141 668 1270 715 animi,
1294 667 1436 717 quibus
1453 679 1600 707 summa

189 722 378 761 claritudo
401 729 570 774 paratur.

140 779 164 815 3
300 779 440 818 Verum
465 792 508 817 ex
531 779 585 817 eis
606 778 852 828 magistratus
873 785 911 817 et
932 779 1113 829 imperia,
1140 786 1337 830 postremo
1361 779 1486 818 omnis
1508 791 1598 818 cura

187 847 317 875 rerum
340 836 583 886 publicarum
606 834 779 873 minume
800 835 891 873 mihi
915 835 984 873 hac
1007 841 1231 886 tempestate
1254 836 1450 886 cupiunda
1467 835 1600 874 viden—

186 896 262 937 tur,
294 893 477 942 quoniam
501 904 628 943 neque
652 891 778 930 virtuti
801 891 927 930 honos
949 891 1079 937 datur,
1113 904 1237 942 neque
1261 891 1336 937 illi,
1369 891 1509 941 quibus
1530 904 1601 942 per

142 953 160 984 2
183 947 356 987 fraudem
380 948 452 997 [iis]
474 948 568 994 fuit,
598 948 669 986 tuti
691 954 757 985 aut
778 960 822 985 eo
844 947 964 998 magis
995 948 1146 986 honesti
1169 954 1272 986 sunt.
1333 959 1419 986 nam
1443 947 1475 985 vi
1512 948 1599 998 qui-

184 1003 269 1042 dem
292 1016 427 1055 regere
449 1004 609 1055 patriam
631 1011 695 1042 aut
716 1009 909 1055 parentes,
940 1016 1171 1055 quamquain
1195 1011 1231 1042 et
1253 1004 1380 1054 possis
1403 1011 1439 1042 et
1460 1003 1594 1042 delicta

184 1061 368 1111 corrigas,
401 1067 526 1100 tamen
551 1061 807 1111 inportunum
830 1066 898 1106 est,
932 1072 1019 1099 cuin
1042 1060 1267 1110 praesertim
1300 1072 1434 1098 omnes
1467 1072 1597 1098 rerum

142 1121 162 1153 3
182 1117 417 1156 mutationes
447 1117 601 1155 caedem
631 1117 760 1166 fugam
794 1117 944 1167 aliaque
976 1116 1126 1154 hostilia
1159 1115 1405 1166 portendant.
1457 1116 1598 1154 frustra

183 1180 309 1212 autem
332 1173 402 1212 niti
427 1185 555 1224 neque
585 1173 687 1211 aliud
710 1186 750 1211 se
771 1173 964 1222 fatigando
990 1173 1062 1210 nisi
1084 1172 1216 1210 odium
1239 1184 1438 1222 quaerere,
1474 1178 1599 1211 extre-

179 1241 263 1268 mae
280 1229 495 1268 dementiae
512 1234 580 1268 est.
608 1229 682 1267 nisi
701 1230 800 1267 sorte
818 1240 933 1278 quem
952 1229 1156 1266 inhonesta
1175 1234 1212 1266 et
1229 1228 1447 1278 perniciosa
1466 1227 1597 1266 lubido

179 1291 287 1325 tenet
304 1286 499 1336 potentiae
518 1297 732 1336 paucorum
750 1285 868 1323 decus
885 1292 1000 1335 atque
1017 1284 1232 1323 libertatem
1250 1296 1355 1322 suain
1375 1284 1592 1333 gratificari.

132 1343 156 1379 4
293 1340 472 1380 Ceterum
496 1353 540 1379 ex
562 1341 645 1380 aliis
666 1340 844 1391 negotiis,
870 1353 966 1391 quae
989 1340 1146 1390 ingenio
1169 1346 1423 1387 exercentur,
1455 1340 1494 1379 in
1516 1340 1597 1391 pri-

136 1403 155 1435 2
179 1397 254 1436 mis
275 1410 414 1448 magno
439 1398 526 1436 usui
559 1404 616 1436 est
641 1397 825 1436 memoria
847 1409 978 1435 rerum
1001 1404 1209 1447 gestarum.
1252 1397 1363 1435 cuius
1392 1396 1438 1435 de
1458 1396 1599 1436 virtute

179 1455 268 1505 quia
284 1454 396 1493 multi
415 1454 559 1500 dixere,
583 1454 910 1504 praetereundum
934 1460 1041 1504 puto,
1062 1454 1176 1492 simul
1198 1466 1247 1492 ne
1268 1465 1338 1504 per
1354 1452 1598 1492 insolentiam

133 1515 153 1547 3
178 1510 265 1560 quis
287 1510 492 1549 existumet
513 1517 654 1548 memet
675 1510 845 1548 studium
868 1521 997 1548 meum
1018 1509 1211 1548 laudando
1234 1509 1429 1548 extollere.
1484 1516 1598 1560 atque

179 1578 250 1617 ego
284 1566 399 1606 eredo
431 1567 513 1604 sore
544 1567 626 1616 qui,
659 1566 747 1616 quia
779 1566 928 1604 decrevi
960 1565 1096 1616 procul
1127 1578 1146 1604 a
1178 1577 1219 1603 re
1250 1564 1403 1616 publica
1435 1571 1597 1604 aetatem

178 1634 305 1673 agere,
338 1629 444 1661 tanto
476 1630 631 1673 tamque
662 1622 746 1660 utili
768 1621 890 1660 labori
922 1634 1008 1660 meo
1031 1633 1172 1660 nomen
1204 1621 1363 1660 inertiae
1395 1621 1597 1672 inponant,

180 1684 284 1718 certe
316 1678 459 1729 quibus
481 1690 657 1717 maxuma
685 1678 872 1717 industria
904 1678 1054 1716 videtur
1077 1677 1242 1716 salutare
1264 1677 1414 1728 plebem
1439 1683 1476 1716 et
1503 1689 1598 1716 con-

131 1742 150 1773 4
173 1735 280 1774 viviis
303 1735 462 1786 gratiam
484 1747 684 1785 quaerere.
727 1734 793 1785 qui
817 1735 848 1772 si
871 1734 1156 1785 reputaverint,
1179 1740 1216 1772 et
1237 1733 1378 1784 quibus
1401 1745 1472 1784 ego
1493 1740 1598 1772 tem-

172 1791 336 1843 poribus
367 1791 615 1841 magistratus
655 1791 819 1841 adeptus
849 1789 922 1828 sim
954 1798 991 1830 et
1021 1790 1153 1841 quales
1192 1790 1259 1828 viri
1291 1790 1392 1828 idem
1432 1789 1592 1840 adsequi

173 1847 421 1897 nequiverint
451 1853 488 1886 et
518 1854 650 1899 postea
683 1858 781 1897 quae
816 1858 956 1896 genera
994 1846 1196 1884 hominum
1228 1846 1266 1884 iu
1299 1851 1475 1885 senatum
1508 1858 1593 1897 per-

171 1904 370 1952 venerint,
402 1903 580 1955 profecto
612 1902 902 1942 existumabunt
931 1915 992 1942 me
1023 1902 1144 1953 magis
1175 1902 1312 1940 merito
1336 1914 1451 1953 quam
1482 1902 1592 1953 ignau

169 1960 227 1998 via
250 1960 434 1999 iudicium
457 1960 575 1998 animi
607 1959 681 1998 mei
704 1959 912 1998 mutavisse
933 1959 1135 2010 maiusque
1169 1957 1414 1997 commodum
1438 1970 1483 1997 ex
1514 1958 1591 1997 otio

127 2024 147 2055 5
170 2028 256 2054 meo
298 2028 413 2067 quam
445 2028 489 2054 ex
521 2017 684 2055 aliorum
716 2015 882 2066 negotiis
925 2016 981 2054 rei
1012 2014 1189 2066 publicae
1223 2020 1443 2053 venturum.
1504 2027 1592 2054 nam

170 2084 285 2123 saepe
307 2084 378 2122 ego
400 2072 525 2111 audivi
552 2072 595 2118 Q.
619 2070 839 2110 Maxumum
861 2071 903 2110 P.
927 2072 1173 2122 Scipionem,
1206 2077 1405 2122 praeterea
1428 2070 1590 2110 civitatis

170 2134 327 2169 nostrae
349 2127 567 2180 praeclaros
589 2129 690 2167 viros
706 2127 846 2166 'solitos
870 2128 918 2167 ita
940 2128 1091 2172 dicere,
1123 2139 1210 2166 cum
1233 2127 1423 2166 maiorum
1455 2127 1585 2177 imagi-

170 2197 240 2225 nes
272 2185 532 2232 intuerentur,
564 2185 915 2224 vehementissume
937 2184 1010 2223 sibi
1043 2184 1214 2222 animum
1245 2183 1291 2222 ad
1312 2182 1491 2222 virtutem
1525 2195 1588 2222 ac-

127 2248 146 2279 6
170 2241 299 2281 cendi.
359 2241 506 2281 scilicet
536 2253 615 2281 non
647 2252 773 2279 ceram
796 2239 898 2278 illam
926 2253 1054 2291 neque
1075 2240 1237 2291 figuram
1268 2245 1411 2278 tantam
1443 2239 1517 2277 vim
1549 2239 1587 2278 in

257 2366 275 2396 5
303 2362 360 2405 qui
385 2374 430 2394 αϊ
456 2372 541 2405 quae
559 2360 611 2405 Pu
636 2364 673 2394 14
699 2361 739 2394 iis
756 2362 786 2394 P
806 2364 879 2404 (pro
905 2361 954 2394 eis
980 2362 1027 2394 sic
1052 2365 1078 2395 Δ
1103 2364 1139 2394 in
1156 2370 1267 2402 marg.
1281 2361 1321 2402 p)
1348 2360 1382 2396 C.
1406 2361 1433 2392 is
1460 2361 1514 2393 vec
1536 2361 1587 2395 his

167 2408 221 2441 vel
245 2409 295 2441 uis
321 2407 375 2440 vel
398 2408 448 2440 ius
476 2407 515 2447 C,
542 2407 605 2439 del.
627 2406 767 2439 Diem-11
793 2406 804 2449 Η
836 2406 896 2438 suit
935 2407 981 2439 uti
1021 2407 1082 2440 tuti
1116 2411 1174 2440 aut
1198 2405 1254 2439 PC
1282 2408 1449 2447 (optimus
1481 2406 1529 2439 uti
1555 2409 1588 2438 et

166 2464 231 2486 ὣς.
259 2453 346 2493 tuti),
371 2452 435 2485 fuit
460 2452 523 2485 tuti
548 2456 605 2485 aut
628 2451 684 2483 vel
706 2451 769 2484 suit
792 2451 909 2494 utique
936 2452 997 2484 tuti
1016 2456 1073 2484 aut
1093 2452 1133 2484 C:
1153 2451 1200 2484 uti
1224 2452 1412 2482 iteratione
1426 2453 1587 2493 proximi

166 2498 329 2531 vocabuli
345 2501 461 2530 ortum
479 2498 610 2536 (Herm.
629 2499 657 2538 1,
670 2495 752 2537 248)
772 2495 784 2539 Η
803 2498 840 2529 17
860 2497 1063 2538 portendant
1087 2508 1132 2529 eac
1149 2495 1358 2539 propendant
1377 2496 1406 2527 P
1420 2496 1431 2537 Η
1451 2497 1493 2529 ’20
1511 2505 1586 2538 gra-

167 2542 284 2575 tificari
309 2554 354 2575 ex
379 2541 531 2575 letificari
548 2541 604 2585 ΡΗ
622 2542 664 2574 26
690 2546 791 2584 tamq;
816 2541 888 2574 utili
915 2552 959 2574 eac
984 2546 1051 2574 tam
1075 2541 1149 2574 utili
1172 2539 1227 2583 Pl}
1245 2541 1287 2573 29
1314 2540 1530 2582 magistrat-*1*
1555 2544 1584 2578 {s

165 2596 230 2629 er.)
257 2589 292 2629 P,
317 2588 548 2630 magistratum
574 2587 629 2619 vel
651 2587 865 2629 magistratus
892 2586 942 2630 Cu
962 2587 1024 2619 sim
1048 2586 1111 2623 PC,
1136 2595 1208 2619 sum
1234 2584 1263 2618 C

1632 451 1652 482 5
1696 471 1699 474 .

1634 730 1671 762 10

1623 1290 1664 1323 20

1628 1571 1668 1604 25

1619 2132 1658 2165 35
