1709 2885
248 115 301 154 90
746 116 780 149 C.
806 114 1011 149 SALLUSTI
1035 114 1170 148 CRISPI

187 227 223 260 41
250 231 355 267 esse3
377 231 493 265 arma,
516 230 595 258 non
617 217 889 270 supellictilem
910 218 1041 257 decori
1063 229 1158 257 esse.
1201 217 1296 269 quin
1317 228 1411 268 ergo
1428 217 1531 269 quod
1548 217 1663 266 iuvat,

250 276 355 328 quod
366 287 499 314 carum
510 280 738 320 aestumant,
750 274 787 313 id
797 286 953 327 semper
962 275 1114 323 saciant,
1135 279 1265 313 ament
1273 279 1429 326 potent:
1447 272 1513 314 ubi
1532 273 1664 314 adule-

250 332 437 372 scentiam
452 331 624 371 habuere
642 330 691 369 ibi
711 337 948 371 senectutem
966 336 1091 382 agant,
1115 330 1154 369 in
1185 330 1382 377 conviviis,
1407 329 1523 370 dediti
1538 330 1663 370 ventri

251 394 288 426 et
306 388 568 440 turpissumae
589 387 688 439 parti
710 387 900 439 corporis.
941 387 1120 426 sudorem
1143 386 1340 438 pulverem
1357 391 1395 426 et
1411 386 1482 426 alia
1499 385 1587 425 talia
1601 397 1663 426 re·

186 452 225 484 42
250 445 429 496 linquant
448 443 573 491 nohis,
595 443 737 495 quibus
755 443 815 482 illa
834 443 958 495 epulis
980 443 1208 483 iucundiora
1225 448 1329 482 sunt.
1371 453 1502 482 verum
1518 443 1665 482 nonita

251 507 319 540 est.
361 512 446 539 nam
471 500 537 539 ubi
558 512 600 538 se
620 499 775 551 flagitiis
797 500 1074 539 dedecoravere
1098 498 1327 550 turpissumi
1350 499 1441 546 viri,
1471 498 1664 538 bonorum

186 564 225 596 43
249 557 416 608 praemia
447 561 622 608 ereptum
654 561 760 594 eunt.
802 556 853 595 ita
883 556 1146 595 iniustissume
1177 555 1327 594 luxuria
1349 561 1386 594 et
1406 554 1555 606 ignavia
1575 566 1665 607 pes-

249 625 379 652 sumae
401 619 514 660 artes,
536 612 612 651 illis
629 612 694 663 qui
712 612 869 651 coluere
885 624 948 651 eas
964 613 1059 651 nihil
1078 612 1267 658 officiunt,
1284 611 1339 650 rei
1357 610 1533 663 publicae
1550 611 1665 650 inno-

186 677 226 708 44
249 670 331 709 xiae
361 669 459 708 cladi
489 674 592 708 sunt.
635 680 743 708 nunc
772 669 953 720 quoniam
977 668 1073 715 illis,
1105 673 1290 719 quantum
1314 667 1387 707 mei
1410 679 1560 714 moreS‚
1584 678 1663 706 non

250 725 402 764 illorum
424 725 566 776 flagitia
589 724 821 776 poscebant,
844 725 1041 776 respondi,
1064 736 1185 776 pauca
1209 724 1254 762 de
1276 736 1317 762 re
1339 722 1492 774 publica
1513 722 1664 774 loquar.

186 789 225 820 45
251 781 417 831 primum
448 782 622 820 omnium
654 781 699 820 de
721 781 898 820 Numidia
926 781 1072 819 honum
1104 781 1241 819 habete
1266 780 1459 826 animum,
1481 778 1665 825 Quirites.

250 849 337 877 nam
360 850 457 889 quae
489 837 534 876 ad
562 838 637 876 hoc
661 842 815 889 tempus
837 837 1062 888 Iugurtham
1085 842 1202 876 tutata
1225 843 1330 884 sunt,
1353 836 1482 875 omnia
1502 834 1666 874 removi-

249 894 336 937 stis,
360 894 554 933 avaritiam
577 894 796 945 inperitiam
818 899 932 944 atque
954 892 1188 944 superbiam.
1230 892 1368 932 deinde
1392 891 1584 931 exercitus
1613 890 1667 930 ibi

249 956 306 990 est
334 950 510 989 locorum
540 950 690 996 sciens,
721 950 786 989 sed
815 950 1037 989 mehercule
1066 950 1188 1000 inagis
1217 955 1401 988 strenuus
1423 960 1538 999 quam
1563 946 1664 986 felix.

185 1013 224 1045 4ss
249 1019 335 1046 nam
366 1019 504 1057 magna
534 1019 624 1058 pars
653 1006 736 1046 eius
767 1006 921 1045 avaritia
943 1012 1005 1044 aut
1027 1006 1240 1045 temeritate
1271 1005 1413 1043 ducum
1435 1003 1572 1043 adtrita
1593 1009 1664 1042 est.

185 1070 221 1102 47
249 1075 362 1114 quam
385 1063 434 1102 ob
458 1075 539 1102 rem
560 1075 650 1111 νος,
673 1062 815 1114 quihus
836 1062 1012 1101 militaris
1033 1070 1136 1100 aetas
1157 1068 1235 1109 est,
1266 1060 1481 1100 adnitimini
1512 1070 1665 1099 mecum

247 1125 286 1158 et
306 1119 496 1172 capessite
518 1131 597 1158 rem
627 1119 822 1170 publicam
845 1131 971 1169 neque
993 1130 1225 1169 quemqnam
1256 1130 1301 1156 ex
1331 1116 1542 1155 calamitate
1566 1114 1665 1161 alio-

246 1188 332 1215 rum
353 1182 418 1215 aut
439 1176 715 1226 imperatorum
737 1175 918 1226 superbia
940 1181 1065 1213 metus
1085 1175 1244 1225 ceperit.
1288 1177 1442 1222 egomet
1457 1173 1496 1211 in
1514 1171 1667 1221 agmine

245 1238 310 1271 aut
331 1233 369 1271 in
393 1232 540 1284 proelio
564 1232 766 1271 consultor
787 1231 888 1269 idem
911 1235 949 1269 et
969 1230 1099 1269 socius
1120 1229 1283 1281 periculi
1306 1228 1503 1268 vobiscum
1536 1227 1666 1276 adero,

183 1295 222 1327 48
246 1300 384 1339 meque
413 1300 559 1339 vosque
592 1288 630 1326 in
661 1287 843 1326 omnibus
873 1286 990 1326 rebus
1021 1286 1124 1325 iuxta
1154 1298 1296 1337 geram.
1333 1291 1371 1324 et
1399 1285 1573 1336 prolecto
1606 1283 1665 1322 dis

246 1344 466 1384 iuvantibus
489 1344 617 1383 omnia
636 1351 781 1383 matura
799 1349 904 1390 sunt,
920 1343 1077 1382 victoria
1095 1343 1234 1394 praeda
1252 1342 1347 1381 laus.
1388 1354 1487 1392 quae
1501 1341 1533 1380 si
1550 1339 1666 1379 dubia

246 1407 311 1440 aut
330 1400 468 1452 procul
490 1406 633 1449 essent,
656 1406 784 1439 tamen
807 1400 934 1439 omnis
954 1399 1080 1438 bonos
1102 1399 1156 1438 rei
1178 1398 1356 1451 publicae
1376 1397 1582 1437 subvenire
1598 1396 1666 1436 de-

184 1464 224 1497 49
247 1457 369 1497 cebat.
410 1457 552 1496 etenim
576 1469 689 1495 nemo
707 1456 853 1507 ignavia
870 1455 1086 1495 inmortalis
1100 1456 1224 1495 sactus
1242 1461 1300 1494 est
1314 1466 1442 1505 neque
1458 1453 1665 1505 quisquam

248 1526 387 1566 parens
408 1513 542 1552 liberis
557 1513 612 1551 uti
628 1513 775 1551 aeterni
792 1513 921 1551 forent
937 1511 1091 1563 optavit,
1107 1512 1229 1562 magis
1245 1511 1299 1551 uti
1321 1511 1413 1550 boni
1433 1510 1665 1560 honestique
1699 1527 1703 1548 i

185 1577 224 1608 50
247 1570 358 1610 vitam
381 1569 591 1620 exigerent.
633 1568 744 1620 plura
766 1568 948 1615 dicerem,
970 1568 1152 1615 Quirites,
1174 1568 1206 1606 si
1227 1567 1370 1606 timidis
1388 1567 1563 1605 virtutem
1579 1576 1665 1606 ver-

249 1627 293 1666 ba
315 1625 512 1665 adderent.
556 1636 646 1663 nam
667 1624 838 1664 strenuis
859 1623 1012 1663 abunde
1036 1623 1179 1662 dictum
1202 1621 1330 1675 puto.'

173 1684 221 1720 86
358 1681 636 1720 Huiuscemodi
659 1681 833 1719 oratione
857 1680 981 1719 habita
1003 1679 1168 1728 Marius,
1191 1686 1394 1731 postquam
1427 1677 1554 1730 plebis
1582 1676 1667 1717 ani-

246 1750 329 1777 mos
345 1743 517 1777 arrectos
533 1737 644 1780 videt,
663 1748 830 1788 propere
848 1742 1053 1775 conmeatu
1073 1736 1265 1788 stipendio
1282 1736 1398 1774 armis
1413 1734 1575 1785 aliisque
1590 1732 1667 1773 uti·

248 1794 348 1834 libus
370 1794 476 1833 navis
497 1799 654 1840 onerat,
677 1805 765 1832 cum
786 1792 847 1831 his
871 1794 912 1832 Α.
935 1791 1117 1831 Manlium
1140 1792 1309 1843 legatum
1331 1790 1525 1844 proficisci
1547 1789 1664 1829 iubet.

205 1857 223 1888 2
247 1853 330 1902 ipse
352 1850 499 1889 interea
521 1850 662 1889 milites
683 1848 874 1897 scribere,
898 1861 976 1888 nou
999 1860 1107 1888 more
1129 1849 1318 1888 maiorum
1341 1859 1469 1899 neque
1490 1858 1536 1886 ex
1568 1845 1665 1886 clas-

205 1913 223 1945 3
247 1907 375 1953 sibus,
398 1906 464 1946 sed
486 1906 541 1945 uti
565 1906 756 1956 cuiusque
775 1905 909 1944 lubido
932 1910 1033 1952 erat,
1057 1906 1183 1956 capite
1205 1916 1345 1944 censos
1369 1903 1590 1955 plerosque.
1629 1900 1669 1941 id

248 1965 391 2002 l'actum
412 1963 474 2001 alii
498 1962 628 2013 inopia
649 1961 842 2001 bonorum
865 1961 926 2000 alii
948 1973 1018 2012 per
1039 1961 1288 2000 ambitionem
1320 1959 1493 2000 consulis
1522 1969 1668 1998 memo·

249 2019 397 2069 rabant,
419 2018 523 2069 quod
546 2018 592 2057 ab
615 2030 659 2057 eo
681 2030 825 2069 genere
846 2017 1062 2057 celebratus
1083 2023 1298 2067 auctusque
1320 2023 1421 2064 erat,
1453 2021 1491 2054 et
1520 2014 1666 2054 homini

249 2075 462 2128 potentiam
484 2074 684 2126 quaerenti
707 2075 994 2124 egentissumus
1015 2074 1181 2125 quisque
1202 2072 1588 2125 opportunissumus.
1603 2069 1665 2110 cui

251 2144 376 2184 neque
399 2143 468 2170 sua
490 2142 589 2178 cara,
612 2131 758 2182 quippe
781 2143 878 2181 quae
901 2130 1006 2169 nulla
1027 2136 1132 2177 sunt,
1148 2137 1186 2169 et
1201 2129 1328 2169 omnia
1346 2140 1434 2168 cum
1454 2128 1580 2179 pretio
1596 2126 1662 2166 ho-

207 2195 225 2227 4
250 2195 357 2228 nesta
393 2187 583 2227 videntur.
625 2187 744 2238 igitur
778 2186 921 2225 Marius
958 2198 1045 2226 cum
1081 2186 1278 2238 aliquanto
1314 2185 1459 2225 maiore
1489 2194 1666 2231 numero,

340 2289 359 2322 3
385 2291 486 2329 agant
505 2297 550 2319 ea·
566 2285 689 2319 habent
705 2296 727 2328 p
745 2284 756 2330 ΙΙ
777 2285 929 2319 conuiuis
943 2285 980 2318 V
992 2284 1005 2329 ΙΙ
1032 2288 1051 2319 4
1070 2284 1242 2329 puluerem
1259 2284 1333 2318 PC:
1352 2294 1417 2317 om.
1436 2283 1500 2325 Vz,
1523 2293 1550 2315 s.
1565 2293 1593 2316 s.
1608 2291 1668 2325 op-

251 2335 355 2365 timus
378 2343 422 2364 eoe
439 2343 458 2363 z
477 2333 562 2369 (εἰει
587 2335 745 2364 erratum
772 2332 810 2363 in
828 2331 877 2363 ed.
894 2333 1032 2372 priore)
1050 2330 1061 2373 ΙΙ
1081 2333 1100 2364 6
1118 2330 1254 2373 flagitiis
1271 2329 1335 2372 PC,
1359 2327 1514 2362 omnibus
1531 2325 1668 2370 flagitiis

250 2377 291 2420 V,
316 2376 454 2420 flagitiis
478 2376 634 2410 omnibus
651 2387 670 2408 z
688 2375 701 2419 Π
717 2375 778 2409 uiri
796 2386 861 2408 om.
882 2375 916 2407 V
927 2376 938 2418 ΙΙ
958 2377 977 2409 9
1003 2375 1067 2408 mei
1092 2385 1203 2408 mores
1218 2373 1315 2415 PVC,
1339 2383 1448 2407 mores
1469 2373 1535 2406 mei
1554 2371 1581 2406 C
1593 2370 1606 2416 fl
1626 2372 1663 2406 11

249 2423 372 2456 honum
390 2421 512 2455 habete
537 2421 710 2463 (habetote
725 2423 834 2463 pauci
851 2420 887 2461 C)
913 2420 1058 2454 animum
1076 2419 1140 2462 PC,
1163 2420 1289 2453 bonum
1305 2418 1451 2452 animum
1469 2418 1591 2451 habete
1609 2414 1646 2449 V
1653 2413 1669 2460 fl

255 2469 290 2502 13
309 2471 411 2512 atque
424 2465 522 2506 PVC,
536 2477 601 2499 om.
623 2465 648 2499 C
665 2465 676 2509 ss
698 2468 734 2499 14
752 2465 812 2499 sed
829 2468 862 2499 et
877 2464 1133 2509 Vumehercule
1144 2464 1208 2504 PC,
1224 2463 1432 2497 mehercules
1446 2463 1508 2496 VC
1522 2462 1535 2506 ΙΙ
1554 2463 1591 2496 18
1610 2465 1667 2495 aut

251 2512 311 2546 PV
312 2512 346 2554 C,
364 2522 430 2546 om.
450 2511 477 2545 C
491 2510 503 2555 Η
523 2513 562 2545 19
577 2510 734 2554 periculis
753 2510 789 2544 V
798 2510 810 2553 ΙΙ
831 2512 871 2544 22
891 2510 1068 2544 subuenire
1084 2510 1132 2543 rei
1150 2509 1305 2553 publicae
1323 2508 1359 2541 V
1371 2508 1384 2552 ΙΙ
1400 2510 1443 2543 23
1460 2517 1558 2542 nemo
1575 2506 1667 2550 igna-
1696 2531 1697 2537 ,

249 2558 304 2590 uia
317 2557 414 2597 PVC,
426 2556 561 2599 ignauia
578 2566 675 2588 nemo
689 2555 745 2598 μθ
756 2555 768 2599 fl
781 2557 821 2589 24
836 2555 884 2588 uti
897 2555 975 2588 boni
992 2555 1056 2596 PC,
1068 2558 1103 2587 ut
1121 2554 1201 2588 boni
1216 2552 1298 2595 VCss
1311 2555 1352 2587 28
1367 2553 1508 2596 aliisque
1521 2551 1584 2592 PC,
1601 2561 1679 2595 que:
1694 2549 1699 2574 ⁶

250 2613 314 2635 om.
336 2601 362 2634 C
375 2602 387 2644 ΙΙ
407 2604 445 2635 31
466 2600 570 2634 libido
588 2601 750 2644 cuiusque
770 2600 900 2634 Gellius
912 2600 1045 2632 Hertzie·
1063 2601 1116 2641 16,
1131 2599 1182 2638 10.
1198 2600 1239 2632 16·
1257 2598 1269 2642 ΙΙ
1287 2600 1327 2632 35
1347 2608 1422 2632 cara
1438 2597 1501 2640 PG,
1530 2606 1628 2631 curae
1642 2591 1671 2630 C
