1709 2885
148 61 227 102 136
466 62 638 97 INCERTI
664 62 925 97 SALLUSTIUS
951 63 1007 97 AD
1033 63 1263 98 CAESAREM

103 173 122 205 2
146 166 270 218 repeti
291 179 420 219 posse,
450 167 555 218 quod
577 178 655 206 non
673 166 859 217 cogitanti
883 166 952 206 tibi
984 167 1024 206 in
1046 173 1231 219 promptu
1266 169 1328 208 sit.
1373 181 1501 221 neque
1526 182 1571 210 eo

146 236 246 275 quae
266 223 345 263 visa
365 230 459 263 sunt
480 223 526 262 de
547 236 589 262 re
610 223 764 274 publica
786 223 855 262 tibi
877 223 1031 274 scripsi,
1061 224 1150 275 quia
1171 224 1263 264 mihi
1287 225 1493 265 consilium
1516 232 1572 266 at-

146 293 222 332 que
238 279 441 331 ingenium
463 292 593 319 meum
615 279 781 331 amplius
802 292 926 331 aequo
943 280 1186 331 probaretur,
1209 281 1276 320 sed
1298 281 1401 322 inter
1421 282 1572 322 labores

146 336 304 376 militiae
326 337 507 388 interque
538 336 684 387 proelia
706 336 884 375 victorias
906 337 1112 388 imperium
1142 338 1256 376 statui
1283 338 1571 378 admonendum

103 399 122 430 3
146 398 182 432 te
200 393 246 432 de
263 393 430 444 negotiis
452 392 626 432 urbanis.
663 405 831 444 namque
847 392 915 431 tibi
932 393 964 431 si
981 393 1019 431 id
1040 394 1156 432 modo
1177 393 1216 433 in
1239 400 1397 445 pectore
1419 395 1571 437 consilii

147 454 217 496 est,
248 454 291 487 ut
320 455 356 489 te
387 449 433 488 ab
466 449 712 488 inimicorum
742 449 889 500 impetu
914 449 1084 488 vindices
1113 462 1272 501 quoque
1292 451 1407 490 inodo
1437 456 1573 490 contra

146 505 348 545 adversum
367 506 568 544 consulem
591 505 776 544 beneficia
793 506 929 556 populi
951 506 1132 553 retineas,
1154 506 1312 557 indigna
1334 508 1487 546 viritute
1509 513 1573 547 tua

102 568 122 599 4
147 562 304 613 cogitas.
346 562 407 601 sin
429 562 469 601 in
493 567 530 600 te
551 562 613 601 ille
636 561 789 600 animus
811 568 882 609 est,
914 562 980 613 qui
1002 563 1076 601 iam
1103 575 1122 601 a
1144 563 1340 614 principio
1363 563 1574 603 nobilitatis

143 618 354 657 factionem
375 617 615 664 disturbavit,
637 617 792 669 plebem
812 618 1025 657 Romanam
1047 632 1091 658 ex
1116 620 1218 670 gravi
1240 620 1424 659 servitute
1456 621 1494 659 in
1526 619 1573 659 li-

144 674 331 714 bertatem
352 674 539 721 restituit,
572 675 610 713 in
632 680 813 725 praetura
835 675 1081 714 inimicorum
1103 688 1207 714 arma
1228 676 1389 716 inermis
1410 676 1571 724 disiecit,

145 731 248 770 domi
269 730 505 782 militiaeque
527 736 629 769 tanta
653 736 690 770 et
710 737 785 770 tam
808 732 1004 783 praeclara
1026 732 1196 771 facinora
1220 733 1330 779 lecit,
1363 739 1405 772 ut
1430 745 1478 772 ne
1500 733 1574 772 ini-

144 787 234 826 mici
256 787 412 838 quidem
442 788 553 838 queri
583 787 791 838 quicquam
822 788 991 828 audeant
1020 789 1095 828 nisi
1123 789 1168 828 de
1198 789 1466 839 magnitudine
1488 794 1572 828 tua:

144 844 239 895 quin
256 850 298 883 tu
316 844 449 895 accipe
465 856 506 882 ea
523 856 622 894 quae
644 844 767 883 dicam
785 844 830 883 de
853 857 1002 883 summa
1019 857 1061 884 re
1078 845 1244 896 publica.
1278 858 1377 896 quae
1398 845 1574 897 profecto

144 907 210 940 aut
230 913 317 939 veta
340 900 515 940 invenies
536 907 601 939 aut
622 906 726 939 certe
746 901 848 939 haud
871 901 1007 952 procul
1029 914 1048 940 a
1071 914 1173 940 vero.

95 959 119 994 3
257 957 332 996 Sed
364 957 550 1008 quoniam
581 956 648 996 Cn.
678 957 888 1008 Pompeius
929 963 995 996 aut
1030 958 1146 996 animi
1177 958 1360 1009 pravitate
1390 964 1455 996 aut
1485 957 1573 1009 quia

145 1013 242 1052 nihil
264 1026 309 1052 eo
331 1013 467 1052 maluit
486 1014 591 1064 quod
612 1013 679 1052 tibi
713 1013 867 1053 obesset
888 1014 937 1052 ita
960 1014 1091 1064 lapsus
1113 1019 1192 1061 est,
1222 1020 1266 1053 ut
1295 1014 1472 1052 hostibus
1501 1014 1575 1053 tela

145 1070 184 1109 in
215 1082 354 1109 manus
386 1070 540 1116 iaceret,
571 1070 713 1120 quibus
743 1070 806 1109 ille
836 1069 955 1109 rebus
978 1082 1058 1108 rem
1091 1070 1285 1120 publicam
1318 1070 1575 1117 conturbavit,

101 1133 120 1164 2
145 1126 292 1166 eisdem
320 1126 389 1165 tibi
411 1127 697 1166 restituendum
719 1132 787 1165 est.
844 1126 1014 1178 primuni
1041 1127 1215 1165 omnium
1246 1138 1434 1165 summam
1465 1132 1576 1177 pote-

143 1188 281 1223 statem
302 1183 529 1222 moderandi
551 1183 598 1222 de
618 1183 871 1233 vectigalibus
902 1183 1123 1234 sumptibus
1149 1182 1302 1221 iudiciis
1331 1182 1575 1223 senatoribus

144 1240 280 1292 paucis
302 1239 470 1286 tradidit,
493 1239 644 1290 plebem
667 1239 894 1284 Romanam,
926 1240 1068 1290 quoius
1092 1245 1203 1278 antea
1224 1251 1373 1278 summa
1403 1244 1574 1290 potestas

100 1303 120 1336 3
144 1302 238 1344 erat,
261 1309 310 1336 ne
332 1296 490 1346 aequeis
511 1296 667 1347 quidem
690 1296 842 1346 legibus
864 1296 903 1335 in
934 1296 1117 1336 servitute
1141 1295 1311 1347 reliquit.
1362 1295 1504 1335 iudicia
1523 1301 1576 1335 ta-

143 1353 270 1400 metsi,
296 1353 397 1392 sicut
417 1358 542 1400 antea,
565 1352 689 1391 tribus
710 1352 915 1391 ordinibus
936 1352 1075 1392 tradita
1096 1359 1200 1399 sunt,
1235 1358 1360 1391 tamen
1390 1352 1490 1391 idem
1521 1352 1575 1391 illi

143 1409 291 1449 factiosi
315 1415 479 1460 regunt,
511 1409 603 1448 dant
623 1409 800 1448 adimunt
829 1409 1075 1460 quaelubet,
1108 1409 1332 1448 innocentis
1365 1409 1577 1448 circumve-

99 1472 120 1505 4
143 1466 276 1514 niunt,
309 1478 401 1505 suos
427 1465 473 1504 ad
494 1466 686 1504 honorem
717 1465 919 1505 extollunt.
963 1478 1041 1504 non
1072 1465 1243 1513 facinus,
1276 1478 1357 1505 non
1388 1465 1576 1516 probrum

143 1528 209 1561 aut
229 1522 416 1573 flagitium
438 1522 575 1570 obstat,
606 1535 683 1573 quo
705 1522 836 1560 minus
856 1523 1104 1572 magistratus
1130 1523 1296 1573 capiant.
1347 1534 1447 1572 quos
1469 1533 1575 1561 com-

141 1579 301 1618 modum
324 1583 382 1618 est
402 1579 562 1617 trahunt
582 1579 760 1629 rapiunt;
792 1584 990 1629 postremo
1012 1584 1207 1629 tamquam
1231 1578 1327 1617 urbe
1357 1584 1465 1630 capta
1488 1578 1575 1617 libi-

98 1643 116 1674 5
143 1635 233 1674 dine
255 1648 298 1674 ac
318 1635 474 1674 licentia
500 1647 567 1674 sua
598 1647 670 1686 pro
697 1634 849 1685 legibus
870 1640 1048 1673 utuntur.
1091 1647 1135 1673 ac
1157 1647 1217 1674 me
1249 1634 1406 1686 quidem
1427 1635 1575 1674 medio-

142 1691 219 1731 cris
240 1691 351 1730 dolor
373 1698 553 1741 angeret,
576 1692 607 1730 si
629 1692 770 1730 virtute
791 1697 938 1742 partam
960 1691 1158 1730 victoriam
1184 1703 1292 1730 more
1313 1703 1384 1730 suo
1407 1703 1478 1743 per
1493 1703 1575 1730 ser·

99 1754 118 1786 6
141 1748 276 1788 vitium
306 1753 545 1787 exercerent.
585 1747 652 1786 sed
676 1747 855 1786 homines
877 1748 1141 1796 intertissimi,
1174 1759 1341 1798 quorum
1371 1747 1500 1787 omnis
1520 1749 1575 1787 vis

142 1804 343 1856 virtusque
365 1804 404 1843 in
427 1804 561 1855 lingua
583 1804 653 1842 sita
677 1809 746 1847 est,
769 1804 869 1843 sorte
885 1809 1001 1854 atque
1023 1803 1182 1843 alterius
1204 1804 1381 1843 socordia
1398 1804 1573 1844 domina-

99 1869 116 1900 7
142 1861 288 1900 tionem
311 1861 476 1900 oblatam
499 1861 714 1900 insolentes
734 1861 892 1911 agitant.
936 1873 1023 1899 narn
1051 1873 1148 1912 quae
1170 1860 1306 1900 seditio
1337 1866 1404 1900 aut
1426 1861 1576 1901 dissen-

144 1917 201 1957 sio
225 1917 345 1956 civilis
367 1922 424 1956 tot
444 1923 519 1956 tam
542 1916 719 1956 inlustris
739 1917 902 1956 familias
923 1917 968 1956 ab
991 1917 1114 1968 stirpe
1136 1915 1299 1956 evertit?
1320 1922 1387 1955 aut
1407 1929 1575 1968 quorum

144 1986 329 2026 umquam
361 1974 400 2013 in
432 1973 592 2013 victoria
622 1973 774 2012 animus
803 1980 878 2012 tani
910 1986 1098 2025 praeceps
1128 1980 1282 2024 tamque
1312 1973 1576 2014 inmoderatus

93 2033 119 2069 4
142 2029 245 2070 fuit?
275 2030 317 2069 L.
341 2029 460 2078 Sulla,
483 2030 545 2069 cui
569 2030 697 2069 omnia
719 2029 758 2068 in
779 2030 938 2069 victoria
959 2029 1045 2081 lege
1070 2030 1158 2069 belli
1182 2030 1392 2078 licuerunt,
1424 2031 1576 2070 tametsi

142 2087 336 2138 supplicio
368 2087 538 2126 hostium
560 2086 681 2138 partis
703 2099 792 2126 suas
813 2086 959 2125 muniri
982 2087 1249 2137 intellegebat,
1280 2092 1409 2125 tamen
1440 2087 1574 2138 paucis

98 2150 117 2181 2
143 2143 359 2184 interfectis
381 2149 530 2183 ceteros
552 2143 741 2182 beneficio
765 2155 879 2194 quam
910 2149 1015 2182 metu
1037 2143 1207 2182 retinere
1229 2143 1374 2182 maluit.
1423 2150 1460 2182 at
1484 2144 1574 2182 her-

141 2201 228 2240 cule
249 2213 268 2239 a
291 2200 340 2239 M.
360 2200 505 2239 Catone
522 2200 564 2238 L.
583 2199 750 2239 Domitio
773 2200 992 2250 ceterisque
1014 2199 1185 2239 eiusdem
1209 2200 1388 2238 factionis
1409 2200 1573 2250 quadra—

142 2256 248 2308 ginta
265 2263 477 2304 senatores,
499 2256 610 2295 multi
633 2263 831 2307 praeterea
854 2268 942 2295 cuni
965 2269 1034 2307 spe
1056 2256 1156 2295 bona
1178 2256 1449 2295 adulescentes
1469 2255 1575 2295 sicu—

235 2369 249 2400 1
276 2367 382 2409 repeti
410 2367 625 2407 ciacconius,
655 2365 790 2409 sepeliri
817 2365 854 2397 l
867 2364 878 2409 ΙΙ
910 2376 949 2398 eo
976 2366 1017 2400 Ι
1050 2377 1113 2409 ego
1141 2377 1232 2399 cor-‚1
1259 2376 1385 2398 manus
1421 2377 1541 2399 reeens
1563 2366 1575 2411 ll

141 2414 160 2445 9
187 2411 444 2445 disturbabit!
454 2412 466 2455 ΙΙ
486 2414 527 2445 23
553 2412 647 2444 lubet
664 2412 785 2446 udus
812 2410 902 2453 luga
931 2411 967 2443 Ι
978 2411 988 2451 ΙΙ
1010 2414 1051 2444 24
1077 2411 1236 2445 adhorem
1260 2413 1298 2450 (s.
1322 2422 1348 2443 s.
1377 2413 1433 2451 no)
1452 2412 1485 2444 V
1502 2414 1512 2448 ΙΙ
1531 2414 1570 2446 31

141 2467 286 2500 namque
312 2457 434 2490 seditio
460 2456 518 2500 Vll
547 2459 585 2490 37
623 2461 655 2489 at
689 2455 824 2489 hercul(
858 2466 875 2488 a
902 2455 943 2489 M.
971 2456 1096 2490 Catone
1121 2457 1333 2490 ‡.lommsen-
1367 2457 1572 2490 atherculem

140 2506 295 2580 coatolnem
314 2502 354 2544 V,
386 2506 417 2535 at
452 2502 587 2535 hercule
623 2513 709 2535 nunc
734 2512 808 2535 eum
835 2501 960 2534 Catone
987 2502 1120 2544 Aldus,
1159 2506 1192 2535 at
1222 2501 1355 2535 hercule
1382 2501 1424 2535 M.
1454 2502 1570 2536 Catoni

172 2559 210 2579 1⁸8
240 2558 295 2579 Ius

1696 321 1700 333 -
1697 190 1706 290 ⁴...=‚.2·
1696 86 1709 177 5⁴55,
1690 0 1709 71 ³⁴ss

1607 675 1707 734 lo}

1606 963 1644 996 15

1603 1245 1646 1277 20

1606 1528 1646 1560 25

1604 1810 1648 1842 30

1605 2093 1647 2125 35
