1709 2885
165 89 218 128 76
670 93 704 126 C.
723 91 910 126 SALLUST
914 92 927 125 1
951 91 1087 125 CRISPI

122 203 141 233 4
165 195 251 235 dem
273 195 437 234 tradere.
488 194 665 235 Metellus
694 206 863 246 propere
892 200 1056 241 cunctos
1078 195 1262 235 senatorii
1284 196 1433 235 ordinis
1455 208 1500 234 ex
1520 196 1580 235 hi·

164 251 299 291 bernis
319 251 465 290 accersi
486 251 616 297 iubet,
647 263 782 290 eorum
813 257 850 290 et
878 251 1063 299 aliorum,
1094 263 1192 302 quos
1224 251 1383 291 idoneos
1404 252 1581 302 ducebat,

123 315 141 346 5
167 307 373 347 consilium
394 307 519 347 habet.
562 308 612 346 ita
633 319 743 347 more
763 308 952 346 maiorum
974 320 1021 347 ex
1050 307 1188 346 consili
1210 307 1365 348 decreto
1386 321 1457 360 per
1477 308 1581 360 lega·

165 369 225 402 tos
247 363 456 414 Iugurthae
485 365 651 416 imperat
679 364 828 414 argenti
858 364 988 415 pondo
1011 364 1177 403 ducenta
1198 363 1324 412 milia,
1354 365 1581 416 elephantos

121 427 141 458 6
167 420 314 466 omnis,
344 432 535 470 equorum
563 427 601 459 et
631 432 826 459 armorum
857 420 1109 471 aliquantum.
1151 432 1249 471 quae
1270 426 1476 472 postquam
1498 421 1582 460 sine

122 484 139 514 τ
166 487 273 515 mora
302 476 400 515 sacta
430 481 543 528 sunt,
575 476 682 515 iubet
710 476 836 515 omnis
866 476 1047 528 perfugas
1077 477 1225 515 vinctos
1256 477 1406 516 adduci.
1447 489 1581 516 eorum

165 543 303 582 magna
324 544 435 583 pars,
459 533 513 571 uti
536 533 685 571 iussum
703 538 802 580 erat,
824 533 998 580 adducti,
1015 533 1151 584 pauci,
1175 545 1262 571 cum
1284 534 1452 584 primum
1475 532 1582 572 dedi·

123 596 141 623 ς
165 589 218 627 tio
251 588 399 639 coepit,
429 588 475 627 ad
497 601 626 639 regem
656 587 854 628 Bocchum
878 589 916 628 in
943 590 1221 628 Mauretaniam
1244 588 1429 628 abierant.
1465 589 1583 640 igitur

164 645 364 695 Iugurtha,
380 644 446 683 ubi
469 642 584 683 arinis
600 645 769 696 virisque
791 650 828 684 et
842 646 1006 697 pecunia
1029 646 1217 697 spoliatus
1239 651 1308 693 est,
1326 658 1415 684 cum
1436 646 1519 697 ipse
1536 645 1581 684 ad
1617 668 1620 671 -

165 701 436 752 imperandum
458 700 646 740 Tisidium
678 707 899 749 vocaretur,
922 714 1057 741 rursus
1088 702 1213 753 coepit
1235 702 1389 741 flectere
1410 702 1581 740 animum

121 765 140 797 9
164 769 279 797 suum
301 763 339 796 et
360 769 405 796 ex
428 757 523 795 mala
546 757 782 797 conscientia
804 758 919 809 digna
935 759 1081 797 timere.
1114 758 1283 808 denique
1300 757 1431 796 multis
1448 757 1583 797 diebus

164 825 235 866 per
263 812 542 852 dubitationem
572 814 835 866 consumptis,
868 826 956 853 cum
985 814 1100 853 modo
1139 814 1262 853 taedio
1292 827 1423 853 rerum
1448 813 1584 853 advor-

164 882 294 909 sarum
316 869 445 909 omnia
476 869 577 909 hello
599 870 749 921 potiora
779 870 957 918 duceret,
990 871 1184 909 interdum
1205 882 1339 910 secum
1360 871 1444 922 ipse
1465 882 1583 922 repu-

165 931 263 966 taret
298 938 414 977 quam
446 926 570 976 gravis
607 939 719 966 casus
755 927 794 966 in
825 927 1022 966 servitium
1063 939 1107 965 ex
1143 938 1264 977 regno
1298 928 1419 974 foret,
1451 926 1583 965 multis

165 982 395 1033 magnisque
416 982 617 1034 praesidiis
650 983 886 1034 nequiquam
916 983 1078 1034 perditis
1099 982 1145 1021 de
1168 983 1320 1033 integro
1342 983 1484 1021 bellum
1517 995 1583 1021 su-

105 1047 143 1078 10
165 1039 247 1077 mit.
288 1043 326 1077 et
355 1038 500 1078 Romae
528 1045 686 1078 senatus
715 1039 761 1078 de
790 1039 1000 1091 provinciis
1028 1039 1231 1077 consultus
1262 1038 1481 1078 Numidiam
1503 1038 1584 1078 Me-

164 1094 254 1134 tello
277 1095 508 1134 decreverat.

89 1154 138 1191 63
277 1150 353 1190 Per
373 1151 473 1190 idem
495 1157 650 1203 tempus
671 1151 801 1190 Uticae
823 1152 923 1190 l'orte
946 1150 985 1190 C.
1016 1150 1135 1189 Mario
1156 1163 1228 1202 per
1248 1151 1391 1189 hostias
1413 1150 1471 1189 dis
1491 1149 1584 1189 sub—

162 1207 320 1259 plicanti
341 1219 479 1258 magna
510 1213 625 1258 atque
654 1207 841 1246 mirabilia
872 1207 1053 1258 portendi
1082 1206 1273 1258 haruspex
1305 1206 1470 1246 dixerat:
1494 1218 1585 1258 pro·

161 1264 273 1311 inde,
303 1276 402 1314 quae
431 1263 561 1302 animo
590 1263 777 1314 agitabat,
806 1264 931 1302 fretus
961 1263 1018 1302 dis
1049 1269 1200 1313 ageret,
1239 1263 1436 1302 fortunam
1467 1274 1582 1314 quam

119 1328 139 1359 2
163 1321 402 1372 saepissume
424 1319 689 1371 experiretur,
712 1325 851 1359 cuncta
873 1331 1062 1371 prospere
1084 1325 1280 1358 eventura.
1321 1324 1359 1358 at
1379 1319 1487 1358 illum
1509 1319 1582 1358 iam

161 1382 273 1416 antea
295 1377 521 1415 consulatus
550 1375 690 1427 ingens
711 1377 853 1428 cupido
884 1375 1120 1426 exagitabat,
1141 1376 1188 1414 ad
1210 1387 1326 1427 quem
1348 1375 1583 1427 capiundum

161 1438 315 1485 praeter
344 1437 572 1472 vetustatem
603 1432 768 1471 familiae
790 1432 861 1472 alia
891 1432 1020 1471 omnia
1049 1431 1202 1471 abunde
1231 1438 1362 1479 erant,
1394 1431 1583 1471 industria

160 1488 346 1541 probitas,
369 1489 526 1527 militiae
546 1500 685 1538 magna
706 1489 881 1536 scientia,
911 1489 1064 1527 animus
1085 1488 1175 1527 belli
1198 1488 1350 1539 ingens,
1373 1487 1475 1526 domi
1496 1500 1583 1527 mo-

161 1546 292 1593 dicus,
323 1544 508 1583 lubidinis
530 1550 566 1583 et
595 1544 810 1584 divitiarum
840 1545 982 1592 victor,
1015 1550 1164 1583 tantum
1194 1544 1308 1583 modo
1340 1543 1484 1594 gloriae
1504 1544 1582 1584 avi-

119 1608 138 1640 3
161 1602 246 1641 (lus.
286 1601 353 1640 sed
374 1601 406 1639 is
428 1606 540 1639 natus
562 1605 600 1639 et
620 1613 774 1639 omnem
796 1600 1000 1651 pueritiam
1024 1600 1159 1651 Arpini
1182 1600 1302 1648 altus,
1325 1600 1390 1639 uhi
1413 1601 1581 1652 primum

160 1664 264 1697 aetas
292 1657 451 1696 militiae
481 1657 634 1708 patiens
663 1658 755 1704 fuit,
786 1657 989 1709 stipendiis
1010 1657 1221 1702 faciundis,
1259 1669 1338 1695 non
1362 1656 1506 1696 Graeca
1528 1657 1583 1696 fa-

161 1714 301 1754 cundia
323 1725 451 1764 neque
472 1713 631 1751 urbanis
652 1713 853 1752 munditiis
884 1725 969 1751 sese
991 1713 1182 1752 exercuit:
1206 1713 1256 1751 ita
1278 1713 1379 1752 inter
1398 1712 1490 1752 artis
1511 1713 1583 1752 bo-

116 1776 137 1808 4
160 1783 229 1810 nas
249 1769 445 1820 integrum
476 1769 678 1820 ingenium
698 1768 804 1807 brevi
826 1768 1004 1808 adolevit.
1055 1781 1147 1820 ergo
1170 1768 1236 1808 ubi
1267 1769 1436 1821 primum
1457 1769 1582 1808 tribu-

160 1832 293 1866 natum
314 1825 518 1864 militarem
547 1838 568 1864 a
594 1825 740 1877 populo
763 1826 882 1877 petit,
912 1825 1112 1876 plerisque
1134 1825 1268 1864 faciem
1291 1826 1375 1865 eius
1396 1825 1581 1876 ignoran-

116 1891 134 1920 5
160 1883 284 1930 tibus,
313 1882 426 1921 facile
459 1887 576 1920 notus
607 1894 679 1933 per
709 1882 835 1920 omnis
865 1882 990 1920 tribus
1028 1881 1258 1920 declaratur.
1308 1881 1446 1921 deinde
1467 1882 1513 1920 ab
1535 1894 1581 1921 eo

157 1939 383 1989 magistratu
406 1937 522 1977 alium
552 1943 642 1989 post
669 1937 786 1977 alium
821 1938 892 1977 sibi
914 1937 1067 1989 peperit
1095 1949 1328 1989 semperque
1350 1937 1389 1976 in
1411 1944 1582 1989 potesta-

158 1995 261 2034 tibus
284 2007 329 2034 eo
350 1994 465 2033 modo
497 1994 682 2045 agitabat,
712 2000 755 2032 ut
775 1994 962 2045 ampliore
991 2006 1106 2045 quam
1129 1994 1286 2044 gerebat
1305 1993 1448 2045 dignus
1464 1994 1581 2034 habe-

115 2057 135 2090 6
157 2058 278 2092 retur.
320 2056 448 2090 tamen
470 2050 501 2089 is
523 2051 569 2090 ad
590 2050 627 2089 id
648 2050 823 2089 locorum
849 2051 934 2089 talis
955 2050 1012 2088 vir
1030 2073 1087 2078 —
1108 2062 1196 2089 nam
1218 2054 1349 2102 postea
1372 2050 1581 2090 ambitione

157 2119 346 2160 praeceps
376 2107 487 2145 datus
517 2114 576 2147 est
603 2129 657 2135 —-
686 2107 868 2158 adpetere
898 2119 976 2146 non
1008 2106 1186 2146 audebat.
1236 2107 1349 2145 etiam
1379 2113 1461 2146 tum
1482 2106 1578 2145 alios

156 2163 403 2215 magistratus
423 2162 553 2214 plebs,
578 2163 822 2202 consulatum
854 2163 1036 2202 nobilitas
1057 2162 1160 2202 inter
1190 2175 1230 2202 se
1251 2174 1322 2215 per
1342 2174 1480 2202 manus
1502 2169 1581 2202 tra-

114 2228 131 2259 7
157 2221 282 2260 debat.
334 2231 454 2258 novos
484 2231 598 2258 nemo
628 2224 703 2258 tam
733 2220 860 2259 clarus
890 2231 1017 2271 neque
1047 2224 1124 2258 tam
1156 2218 1323 2270 egregiis
1355 2218 1465 2258 sactis
1487 2224 1579 2265 erat,

247 2344 267 2375 2
285 2341 409 2374 accersi
427 2341 491 2378 PC,
517 2341 669 2374 accersiri
690 2340 717 2374 C
732 2339 744 2384 [1
761 2341 779 2372 8
802 2340 1033 2373 mauritaniam
1051 2339 1108 2383 Pu
1125 2341 1145 2373 9
1170 2349 1245 2373 cum
1264 2339 1298 2381 C,
1321 2339 1399 2372 dum
1422 2340 1486 2381 PC,
1511 2343 1578 2373 tum

158 2388 185 2421 C
200 2387 213 2431 ΙΙ
232 2390 267 2420 11
289 2386 404 2420 multis
421 2386 539 2419 diebus
557 2397 602 2418 αι·
618 2385 682 2419 mei
700 2396 718 2418 c
733 2399 748 2415 ψ
765 2399 780 2414 ι
793 2398 808 2414 ε
824 2399 838 2413 »ι
854 2399 869 2414 ι.
884 2398 900 2414 2
921 2389 978 2425 (ut
994 2385 1148 2426 videtur)
1165 2386 1196 2418 Ρ
1207 2384 1219 2428 ΙΙ
1239 2386 1281 2417 20
1298 2387 1414 2427 ageret
1428 2385 1461 2426 C,
1479 2394 1579 2427 agere

155 2433 212 2466 PC
227 2431 239 2475 ΙΙ
255 2433 298 2465 22
315 2431 516 2474 capiundum
532 2442 576 2463 eoe
589 2430 793 2474 cnpiundum
810 2431 840 2462 Ρ
854 2429 866 2473 ll
883 2431 924 2463 23
943 2433 1166 2463 uestustatem
1183 2428 1237 2473 ΡΙΙ
1255 2429 1387 2462 abunda
1401 2429 1458 2473 ῬΗ
1478 2431 1519 2463 25
1543 2434 1578 2464 et

153 2488 188 2519 p,
213 2487 252 2510 ac
269 2476 322 2520 ΡΙΙ
341 2478 381 2510 27
401 2481 494 2509 aetas
512 2487 556 2508 ea:
572 2476 661 2509 altus
677 2477 707 2509 Ρ
721 2475 734 2519 ΙΙ
749 2477 792 2509 28
809 2475 983 2508 munditiis
1000 2486 1045 2507 em
1061 2475 1190 2507 militiis
1206 2473 1258 2517 ΡΙΙ
1278 2476 1318 2507 31
1337 2474 1451 2517 facile]
1477 2474 1577 2508 sactis

155 2522 350 2555 Palmerz’us
368 2520 381 2564 ss
398 2523 509 2556 34.,35
535 2521 586 2553 vir
607 2524 765 2564 appetere
791 2530 857 2553 non
875 2520 1021 2553 audebat
1046 2530 1120 2552 nam
1137 2539 1180 2543 —
1197 2518 1295 2552 datus
1313 2517 1405 2564 estjz
1424 2519 1436 2563 ll
1453 2521 1495 2553 35
1521 2519 1578 2553 ad·

154 2568 284 2610 petere]
311 2566 522 2600 consulatum
546 2577 572 2599 s.
590 2577 616 2600 s.
633 2566 688 2598 vel
709 2568 812 2598 inser.
836 2568 944 2607 pauci
962 2565 1005 2598 Cz
1022 2564 1034 2609 Η
1054 2567 1094 2598 37
1121 2563 1265 2607 egregiis
1290 2564 1353 2605 PC,
1378 2564 1534 2608 egregius
1553 2564 1580 2598 C

1614 706 1667 738 10*

1615 989 1653 1021 15

1611 1269 1664 1302 20·

1611 1523 1666 1582 25>

1610 1803 1674 1865 30³

1607 2112 1648 2145 35
