1709 2885
23 1631 61 1664 10

22 1910 58 1943 15

553 785 592 824 C.
615 783 853 824 SALLVSTI
885 784 1044 825 CRISPI

362 886 446 932 DE
495 885 726 931 BELLO
774 884 1229 932 lUGURTHINO

727 1005 861 1040 LIBER.

198 1119 308 1158 Falso
331 1120 507 1170 queritur
524 1120 569 1158 de
595 1125 731 1158 natura
753 1132 821 1158 sua
843 1131 966 1170 genus
987 1120 1221 1164 humanum,
1255 1119 1358 1170 quod
1390 1118 1501 1157 inbe-
1526 1124 1547 1157 1

89 1175 175 1214 cilla
191 1182 305 1226 atque
335 1176 414 1214 aevi
435 1176 561 1214 brevis
581 1175 680 1214 forte
711 1175 841 1226 potius
872 1188 987 1226 quam
1011 1176 1151 1214 virtute
1181 1181 1350 1226 regatur.
1411 1187 1500 1214 nam
1523 1182 1542 1214 2

88 1237 221 1270 contra
251 1232 467 1282 reputando
498 1244 626 1282 neque
654 1232 776 1270 maius
805 1232 906 1270 aliud
937 1244 1064 1282 neque
1094 1231 1363 1283 praestabilius
1394 1231 1500 1269 inve—

86 1287 170 1326 nias
200 1287 399 1339 magisque
440 1294 597 1326 naturae
637 1287 866 1326 industriam
911 1288 1115 1326 hominum
1161 1300 1275 1338 quam
1315 1288 1390 1326 vim
1435 1292 1501 1326 aut

85 1349 239 1394 tempus
271 1343 415 1383 deesse.
477 1344 544 1382 sed
566 1344 642 1382 dux
672 1349 784 1394 atque
807 1344 1017 1395 imperator
1046 1345 1144 1382 vitae
1165 1344 1385 1382 mortalium
1416 1344 1499 1382 ani·
1524 1350 1542 1382 3

87 1411 173 1438 mus
195 1404 263 1438 est.
306 1400 372 1451 qui
402 1399 467 1438 ubi
489 1400 532 1438 ad
557 1400 718 1450 gloriam
738 1400 890 1439 virtutis
910 1400 968 1438 via
990 1405 1208 1451 grassatur,
1239 1399 1392 1438 abunde
1413 1399 1500 1450 pol-

87 1455 172 1494 lens
193 1462 411 1506 potensque
433 1461 469 1494 et
499 1455 624 1494 clarus
647 1461 703 1494 est
732 1468 860 1506 neque
883 1456 1038 1495 fortuna
1061 1462 1166 1505 eget,
1198 1456 1346 1506 quippe
1367 1455 1500 1506 probi-

87 1517 201 1550 tatem
222 1512 451 1550 industriam
479 1511 648 1562 aliasque
671 1511 761 1550 artis
790 1512 912 1550 bonas
935 1523 1063 1562 neque
1085 1511 1173 1550 dare
1196 1524 1325 1562 neque
1348 1511 1500 1562 eripere

89 1567 267 1619 cuiquam
284 1573 423 1619 potest.
460 1568 519 1606 sin
543 1572 677 1618 captus
698 1567 823 1618 pravis
845 1567 1094 1618 cupidinibus
1115 1567 1160 1606 ad
1182 1567 1359 1606 inertiam
1382 1572 1419 1606 et
1434 1579 1500 1605 vo·
1523 1574 1544 1606 4

89 1624 254 1675 luptates
276 1623 450 1675 corporis
467 1635 623 1674 pessum
648 1623 758 1662 datus
780 1629 849 1671 est,
872 1623 1092 1675 perniciosa
1112 1623 1285 1663 lubidine
1302 1623 1501 1675 paulisper

87 1692 193 1727 usus,
215 1679 281 1719 ubi
302 1692 373 1730 pei·
393 1679 609 1718 socordiam
631 1679 730 1719 vires
751 1684 905 1731 tempus
925 1680 1127 1731 ingenium
1149 1680 1363 1729 diffluxere,
1387 1686 1500 1719 natu-

85 1748 150 1774 rae
170 1736 372 1775 infirmitas
404 1741 626 1774 accusatur:
658 1748 765 1774 suam
796 1736 962 1786 quisque
982 1737 1136 1786 eulpam
1156 1742 1335 1775 auctores
1364 1736 1409 1775 ad
1431 1748 1501 1775 ne-

88 1791 188 1842 gotia
210 1792 460 1831 transferunt.
512 1792 650 1842 quodsi
671 1791 895 1830 hominibus
913 1791 1104 1830 honarum
1126 1804 1257 1830 rerum
1282 1797 1387 1831 tanta
1409 1803 1501 1830 cura
1525 1799 1543 1830 5

88 1855 209 1896 esset,
240 1853 385 1898 quanto
408 1848 535 1886 studio
567 1847 689 1886 aliena
720 1860 764 1885 ac
795 1847 890 1886 nihil
922 1847 1127 1898 profutura
1156 1848 1355 1898 multaque
1387 1848 1500 1886 etiam

86 1904 304 1955 periculosa
328 1909 479 1954 petunt,
512 1915 640 1954 neque
661 1909 891 1954 regerentur
911 1903 1032 1954 magis
1054 1916 1168 1954 quam
1191 1910 1372 1953 regerent
1389 1916 1500 1942 casus

88 1965 125 1998 et
144 1972 188 1998 eo
206 1958 483 2009 magnitudinis
500 1959 770 2009 procederent,
793 1959 858 1997 ubi
876 1971 947 2011 pro
964 1960 1192 1999 mortalibus
1215 1960 1335 2011 gloria
1352 1959 1500 1999 aeterni

86 2016 234 2054 fierent.
294 2026 382 2053 nam
413 2014 466 2052 uti
500 2026 623 2065 genus
654 2015 855 2054 hominum
887 2016 1136 2067 conpositum
1175 2029 1221 2055 ex
1252 2028 1417 2067 corpore
1463 2021 1500 2055 et
1523 2018 1547 2054 2

86 2071 213 2110 anima
234 2077 310 2117 est,
342 2071 392 2109 ita
414 2082 476 2109 res
498 2077 660 2110 cunctae
682 2071 885 2122 studiaque
907 2073 1035 2111 omnia
1065 2078 1197 2111 nostra
1228 2072 1406 2123 corporis
1427 2072 1499 2111 alia

86 2127 158 2165 alia
178 2127 295 2166 animi
317 2132 493 2165 naturam
514 2132 714 2166 secuntur.
750 2127 870 2178 igitur
890 2128 1085 2179 praeclara
1106 2129 1236 2176 facies,
1257 2140 1419 2179 magnae
1441 2128 1499 2167 di-
1524 2134 1544 2166 2

86 2183 210 2228 vitiae,
232 2183 278 2222 ad
304 2183 379 2221 hoc
397 2182 454 2221 vis
475 2183 651 2234 corporis
682 2190 719 2223 et
738 2184 808 2223 alia
830 2184 960 2223 omnia
980 2185 1248 2224 huiuscemodi
1269 2185 1376 2223 brevi
1406 2185 1500 2223 dila·

176 2306 193 2336 7
221 2303 345 2347 quippe
371 2302 434 2345 PC,
461 2304 585 2346 quippe
611 2314 694 2346 quae
722 2303 756 2345 C,
780 2305 908 2337 Donat.
933 2306 971 2336 z'n
1001 2304 1077 2337 Ter.
1094 2305 1186 2338 Eun.
1203 2306 1269 2338 241
1289 2305 1300 2348 Η
1320 2307 1358 2339 10
1384 2315 1502 2348 perne-

87 2348 177 2381 ciosa
202 2359 246 2380 ea·
270 2348 459 2391 perniciosa
484 2349 551 2387 (sic
572 2351 725 2391 saepius)
743 2350 773 2381 Ρ
788 2350 799 2391 Η
819 2351 857 2382 12
884 2349 1027 2393 quisque
1046 2349 1080 2391 C,
1105 2350 1230 2393 quique
1247 2350 1303 2383 PC
1316 2350 1327 2391 ΙΙ
1347 2355 1501 2383 auctores

88 2393 122 2434 C,
146 2396 276 2426 actores
292 2393 349 2426 PC
362 2393 373 2437 ΙΙ
397 2395 437 2427 14
450 2393 622 2444 multaque
638 2394 700 2431 PC,
724 2395 933 2437 multumque
953 2394 987 2434 C
1004 2395 1225 2436 Augustinus
1238 2396 1348 2438 Epist.
1366 2395 1439 2428 153.
1456 2395 1502 2429 22

84 2435 96 2482 fl
114 2419 155 2471 '15
173 2438 360 2480 periculosa
374 2438 437 2479 PC,
463 2438 650 2480 perniciosa
672 2449 764 2471 unus
788 2450 832 2471 ea:
856 2450 886 2480 z,
911 2439 1098 2482 periculosa
1117 2450 1156 2472 ac
1172 2441 1362 2483 perniciosa
1379 2440 1502 2481 Augu-

86 2484 198 2515 stinus
215 2482 235 2515 l.
255 2493 281 2516 ο.
301 2482 314 2526 ΙΙ
336 2485 370 2515 Π
390 2483 563 2516 hominum
579 2483 643 2524 PC,
665 2483 846 2517 humanum
866 2464 893 2516 G5
907 2485 1096 2516 deteriores
1111 2484 1122 2528 {j
1143 2485 1333 2528 compositu
1350 2495 1395 2516 eae
1411 2495 1502 2517 eom-

88 2527 289 2605 POSiffiSffn
306 2529 348 2561 20
374 2528 484 2561 omnia
509 2528 739 2561 huiuscemodi
759 2529 821 2571 PC,
846 2529 1077 2562 huiuscemodi
1101 2531 1212 2563 omnia
1239 2530 1266 2563 C
1278 2529 1290 2573 Η
1310 2529 1503 2563 dilabuntur

88 2583 133 2605 οτι,-
179 2582 223 2606 ia
249 2575 346 2605 antur
370 2574 400 2605 P
