<?xml version="1.0" encoding="UTF-8"?>
<!DOCTYPE html PUBLIC "-//W3C//DTD XHTML 1.0 Transitional//EN"
    "http://www.w3.org/TR/xhtml1/DTD/xhtml1-transitional.dtd">
<html xmlns="http://www.w3.org/1999/xhtml" xml:lang="en" lang="en">
 <head>
  <title>
</title>
<meta http-equiv="Content-Type" content="text/html;charset=utf-8" />
  <meta name='ocr-system' content='tesseract 3.04.00' />
  <meta name='ocr-capabilities' content='ocr_page ocr_carea ocr_par ocr_line ocrx_word'/>
</head>
<body>
  <div class='ocr_page' id='page_1' title='image "./catilinajugurtha00salluoft_0109.png"; bbox 0 0 1709 2885; ppageno 0'>
   <div class='ocr_carea' id='block_1_1' title="bbox 0 78 8 1734">
    <p class='ocr_par' dir='ltr' id='par_1_1' title="bbox 0 78 8 1734">
     <span class='ocr_line' id='line_1_1' title="bbox 0 78 8 1734; baseline 0 0"><span class='ocrx_word' id='word_1_1' title='bbox 0 78 8 1734; x_wconf 95' lang='lat' dir='ltr'> </span> 
     </span>
    </p>
   </div>
   <div class='ocr_carea' id='block_1_2' title="bbox 35 741 73 773">
    <p class='ocr_par' dir='ltr' id='par_1_2' title="bbox 35 741 73 773">
     <span class='ocr_line' id='line_1_2' title="bbox 35 741 73 773; baseline 0.026 -1"><span class='ocrx_word' id='word_1_2' title='bbox 35 741 73 773; x_wconf 89' lang='lat'>10</span> 
     </span>
    </p>
   </div>
   <div class='ocr_carea' id='block_1_3' title="bbox 36 1022 71 1053">
    <p class='ocr_par' dir='ltr' id='par_1_3' title="bbox 36 1022 71 1053">
     <span class='ocr_line' id='line_1_3' title="bbox 36 1022 71 1053; baseline 0 0"><span class='ocrx_word' id='word_1_3' title='bbox 36 1022 71 1053; x_wconf 87' lang='lat'>15</span> 
     </span>
    </p>
   </div>
   <div class='ocr_carea' id='block_1_4' title="bbox 32 1301 74 1334">
    <p class='ocr_par' dir='ltr' id='par_1_4' title="bbox 32 1301 74 1334">
     <span class='ocr_line' id='line_1_4' title="bbox 32 1301 74 1334; baseline 0 0"><span class='ocrx_word' id='word_1_4' title='bbox 32 1301 74 1334; x_wconf 83' lang='lat'>20</span> 
     </span>
    </p>
   </div>
   <div class='ocr_carea' id='block_1_5' title="bbox 30 1583 68 1615">
    <p class='ocr_par' dir='ltr' id='par_1_5' title="bbox 30 1583 68 1615">
     <span class='ocr_line' id='line_1_5' title="bbox 30 1583 68 1615; baseline 0 0"><span class='ocrx_word' id='word_1_5' title='bbox 30 1583 68 1615; x_wconf 85' lang='lat'>25</span> 
     </span>
    </p>
   </div>
   <div class='ocr_carea' id='block_1_6' title="bbox 562 124 1519 163">
    <p class='ocr_par' dir='ltr' id='par_1_6' title="bbox 562 124 1519 163">
     <span class='ocr_line' id='line_1_6' title="bbox 562 124 1519 163; baseline -0.002 -4"><span class='ocrx_word' id='word_1_6' title='bbox 562 126 615 159; x_wconf 86' lang='lat' dir='ltr'>DE</span> <span class='ocrx_word' id='word_1_7' title='bbox 640 125 774 159; x_wconf 87' lang='lat' dir='ltr'>BELLo</span> <span class='ocrx_word' id='word_1_8' title='bbox 799 125 1061 158; x_wconf 79' lang='lat' dir='ltr'>lUGURTHlNO</span> <span class='ocrx_word' id='word_1_9' title='bbox 1469 124 1519 163; x_wconf 82' lang='grc'>83</span> 
     </span>
    </p>
   </div>
   <div class='ocr_carea' id='block_1_7' title="bbox 96 227 1583 2359">
    <p class='ocr_par' dir='ltr' id='par_1_7' title="bbox 100 227 1566 1123">
     <span class='ocr_line' id='line_1_7' title="bbox 105 227 1517 280; baseline 0 -12"><span class='ocrx_word' id='word_1_10' title='bbox 105 241 182 268; x_wconf 90' lang='lat' dir='ltr'>una</span> <span class='ocrx_word' id='word_1_11' title='bbox 205 235 318 268; x_wconf 89' lang='lat' dir='ltr'>nocte</span> <span class='ocrx_word' id='word_1_12' title='bbox 344 233 515 267; x_wconf 88' lang='lat' dir='ltr'>moratus</span> <span class='ocrx_word' id='word_1_13' title='bbox 538 228 741 268; x_wconf 77' lang='lat' dir='ltr'>simulabat</span> <span class='ocrx_word' id='word_1_14' title='bbox 767 241 850 268; x_wconf 92' lang='lat' dir='ltr'>sese</span> <span class='ocrx_word' id='word_1_15' title='bbox 873 227 1003 278; x_wconf 89' lang='lat' dir='ltr'>negoti</span> <span class='ocrx_word' id='word_1_16' title='bbox 1021 229 1138 278; x_wconf 89' lang='lat' dir='ltr'>gratia</span> <span class='ocrx_word' id='word_1_17' title='bbox 1150 240 1373 280; x_wconf 85' lang='lat' dir='ltr'>properare.</span> <span class='ocrx_word' id='word_1_18' title='bbox 1416 237 1517 269; x_wconf 85' lang='lat' dir='ltr'>cete-</span> 
     </span>
     <span class='ocr_line' id='line_1_8' title="bbox 105 284 1515 337; baseline -0.001 -12"><span class='ocrx_word' id='word_1_19' title='bbox 105 298 193 325; x_wconf 86' lang='lat' dir='ltr'>rum</span> <span class='ocrx_word' id='word_1_20' title='bbox 214 284 473 336; x_wconf 75' lang='lat' dir='ltr'>proditionem</span> <span class='ocrx_word' id='word_1_21' title='bbox 495 284 671 333; x_wconf 88' lang='lat' dir='ltr'>timebat,</span> <span class='ocrx_word' id='word_1_22' title='bbox 702 297 816 336; x_wconf 87' lang='lat' dir='ltr'>quarn</span> <span class='ocrx_word' id='word_1_23' title='bbox 840 285 956 323; x_wconf 85' lang='lat' dir='ltr'>vitare</span> <span class='ocrx_word' id='word_1_24' title='bbox 977 296 1092 335; x_wconf 89' lang='lat' dir='ltr'>posse</span> <span class='ocrx_word' id='word_1_25' title='bbox 1123 284 1316 324; x_wconf 85' lang='lat' dir='ltr'>celeritate</span> <span class='ocrx_word' id='word_1_26' title='bbox 1338 285 1515 337; x_wconf 87' lang='lat' dir='ltr'>putabat;</span> 
     </span>
     <span class='ocr_line' id='line_1_9' title="bbox 106 341 1558 392; baseline -0.001 -12"><span class='ocrx_word' id='word_1_27' title='bbox 106 354 195 381; x_wconf 90' lang='lat' dir='ltr'>nam</span> <span class='ocrx_word' id='word_1_28' title='bbox 216 341 302 380; x_wconf 87' lang='lat' dir='ltr'>talia</span> <span class='ocrx_word' id='word_1_29' title='bbox 324 341 485 379; x_wconf 88' lang='lat' dir='ltr'>consilia</span> <span class='ocrx_word' id='word_1_30' title='bbox 507 353 578 392; x_wconf 88' lang='lat' dir='ltr'>per</span> <span class='ocrx_word' id='word_1_31' title='bbox 598 341 718 379; x_wconf 90' lang='lat' dir='ltr'>otium</span> <span class='ocrx_word' id='word_1_32' title='bbox 741 347 777 380; x_wconf 86' lang='lat' dir='ltr'>et</span> <span class='ocrx_word' id='word_1_33' title='bbox 799 354 843 379; x_wconf 87' lang='lat' dir='ltr'>ex</span> <span class='ocrx_word' id='word_1_34' title='bbox 876 341 1167 392; x_wconf 80' lang='lat' dir='ltr'>opportunitate</span> <span class='ocrx_word' id='word_1_35' title='bbox 1188 342 1284 392; x_wconf 90' lang='lat' dir='ltr'>capi.</span> <span class='ocrx_word' id='word_1_36' title='bbox 1326 347 1362 380; x_wconf 90' lang='lat' dir='ltr'>at</span> <span class='ocrx_word' id='word_1_37' title='bbox 1382 342 1512 381; x_wconf 86' lang='lat' dir='ltr'>Metel·</span> <span class='ocrx_word' id='word_1_38' title='bbox 1541 348 1558 379; x_wconf 82' lang='lat'><strong>2</strong></span> 
     </span>
     <span class='ocr_line' id='line_1_10' title="bbox 105 395 1516 449; baseline 0 -13"><span class='ocrx_word' id='word_1_39' title='bbox 105 398 178 447; x_wconf 87' lang='lat' dir='ltr'>lus,</span> <span class='ocrx_word' id='word_1_40' title='bbox 202 397 266 436; x_wconf 91' lang='lat' dir='ltr'>ubi</span> <span class='ocrx_word' id='word_1_41' title='bbox 289 396 504 448; x_wconf 84' lang='lat' dir='ltr'>oppidanos</span> <span class='ocrx_word' id='word_1_42' title='bbox 526 396 673 448; x_wconf 90' lang='lat' dir='ltr'>proelio</span> <span class='ocrx_word' id='word_1_43' title='bbox 707 397 889 445; x_wconf 88' lang='lat' dir='ltr'>intentos,</span> <span class='ocrx_word' id='word_1_44' title='bbox 921 395 1035 435; x_wconf 89' lang='lat' dir='ltr'>simul</span> <span class='ocrx_word' id='word_1_45' title='bbox 1057 397 1243 448; x_wconf 90' lang='lat' dir='ltr'>oppidum</span> <span class='ocrx_word' id='word_1_46' title='bbox 1267 405 1303 437; x_wconf 91' lang='lat' dir='ltr'>et</span> <span class='ocrx_word' id='word_1_47' title='bbox 1333 398 1516 449; x_wconf 87' lang='lat' dir='ltr'>operibus</span> 
     </span>
     <span class='ocr_line' id='line_1_11' title="bbox 104 453 1566 504; baseline -0.001 -11"><span class='ocrx_word' id='word_1_48' title='bbox 104 459 142 493; x_wconf 88' lang='lat' dir='ltr'>et</span> <span class='ocrx_word' id='word_1_49' title='bbox 161 454 247 492; x_wconf 93' lang='lat' dir='ltr'>loco</span> <span class='ocrx_word' id='word_1_50' title='bbox 269 454 461 492; x_wconf 88' lang='lat' dir='ltr'>munitum</span> <span class='ocrx_word' id='word_1_51' title='bbox 484 453 595 501; x_wconf 86' lang='lat' dir='ltr'>videt,</span> <span class='ocrx_word' id='word_1_52' title='bbox 617 453 714 492; x_wconf 91' lang='lat' dir='ltr'>vallo</span> <span class='ocrx_word' id='word_1_53' title='bbox 732 454 911 504; x_wconf 90' lang='lat' dir='ltr'>fossaque</span> <span class='ocrx_word' id='word_1_54' title='bbox 932 453 1084 491; x_wconf 89' lang='lat' dir='ltr'>moenia</span> <span class='ocrx_word' id='word_1_55' title='bbox 1105 453 1370 493; x_wconf 87' lang='lat' dir='ltr'>circumvenit.</span> <span class='ocrx_word' id='word_1_56' title='bbox 1407 454 1515 492; x_wconf 87' lang='lat' dir='ltr'>dein·</span> <span class='ocrx_word' id='word_1_57' title='bbox 1539 454 1566 492; x_wconf 83' lang='lat'>3⁵</span> 
     </span>
     <span class='ocr_line' id='line_1_12' title="bbox 103 509 1516 560; baseline 0 -11"><span class='ocrx_word' id='word_1_58' title='bbox 103 510 149 549; x_wconf 91' lang='lat' dir='ltr'>de</span> <span class='ocrx_word' id='word_1_59' title='bbox 180 509 275 548; x_wconf 91' lang='lat' dir='ltr'>locis</span> <span class='ocrx_word' id='word_1_60' title='bbox 306 521 351 547; x_wconf 85' lang='lat' dir='ltr'>ex</span> <span class='ocrx_word' id='word_1_61' title='bbox 372 509 484 560; x_wconf 87' lang='lat' dir='ltr'>copia</span> <span class='ocrx_word' id='word_1_62' title='bbox 504 521 680 548; x_wconf 88' lang='lat' dir='ltr'>maxume</span> <span class='ocrx_word' id='word_1_63' title='bbox 708 509 856 549; x_wconf 84' lang='lat' dir='ltr'>idoneis</span> <span class='ocrx_word' id='word_1_64' title='bbox 874 509 1001 548; x_wconf 86' lang='lat' dir='ltr'>vineas</span> <span class='ocrx_word' id='word_1_65' title='bbox 1022 521 1157 560; x_wconf 85' lang='lat' dir='ltr'>agere,</span> <span class='ocrx_word' id='word_1_66' title='bbox 1189 522 1367 560; x_wconf 80' lang='lat' dir='ltr'>aggerem</span> <span class='ocrx_word' id='word_1_67' title='bbox 1391 510 1516 549; x_wconf 86' lang='lat' dir='ltr'>iacere</span> 
     </span>
     <span class='ocr_line' id='line_1_13' title="bbox 103 565 1515 617; baseline 0 -12"><span class='ocrx_word' id='word_1_68' title='bbox 103 572 140 606; x_wconf 91' lang='lat' dir='ltr'>et</span> <span class='ocrx_word' id='word_1_69' title='bbox 170 578 289 616; x_wconf 87' lang='lat' dir='ltr'>super</span> <span class='ocrx_word' id='word_1_70' title='bbox 317 577 496 616; x_wconf 79' lang='lat' dir='ltr'>aggerem</span> <span class='ocrx_word' id='word_1_71' title='bbox 535 565 715 617; x_wconf 86' lang='lat' dir='ltr'>inpositis</span> <span class='ocrx_word' id='word_1_72' title='bbox 750 565 924 605; x_wconf 87' lang='lat' dir='ltr'>turribus</span> <span class='ocrx_word' id='word_1_73' title='bbox 962 577 1060 617; x_wconf 90' lang='lat' dir='ltr'>opus</span> <span class='ocrx_word' id='word_1_74' title='bbox 1096 571 1134 604; x_wconf 88' lang='lat' dir='ltr'>et</span> <span class='ocrx_word' id='word_1_75' title='bbox 1169 566 1417 606; x_wconf 86' lang='lat' dir='ltr'>administros</span> <span class='ocrx_word' id='word_1_76' title='bbox 1453 572 1515 605; x_wconf 89' lang='lat' dir='ltr'>tu-</span> 
     </span>
     <span class='ocr_line' id='line_1_14' title="bbox 102 621 1558 674; baseline -0.001 -13"><span class='ocrx_word' id='word_1_77' title='bbox 102 622 186 661; x_wconf 89' lang='lat' dir='ltr'>tari.</span> <span class='ocrx_word' id='word_1_78' title='bbox 228 627 363 660; x_wconf 87' lang='lat' dir='ltr'>contra</span> <span class='ocrx_word' id='word_1_79' title='bbox 387 622 483 660; x_wconf 87' lang='lat' dir='ltr'>haec</span> <span class='ocrx_word' id='word_1_80' title='bbox 507 621 690 673; x_wconf 88' lang='lat' dir='ltr'>oppidani</span> <span class='ocrx_word' id='word_1_81' title='bbox 715 621 897 660; x_wconf 84' lang='lat' dir='ltr'>festinare</span> <span class='ocrx_word' id='word_1_82' title='bbox 918 633 1067 673; x_wconf 89' lang='lat' dir='ltr'>parare,</span> <span class='ocrx_word' id='word_1_83' title='bbox 1088 633 1251 674; x_wconf 91' lang='lat' dir='ltr'>prorsus</span> <span class='ocrx_word' id='word_1_84' title='bbox 1272 623 1317 661; x_wconf 91' lang='lat' dir='ltr'>ab</span> <span class='ocrx_word' id='word_1_85' title='bbox 1340 623 1514 674; x_wconf 89' lang='lat' dir='ltr'>utrisque</span> <span class='ocrx_word' id='word_1_86' title='bbox 1538 628 1558 660; x_wconf 81' lang='lat'>4</span> 
     </span>
     <span class='ocr_line' id='line_1_15' title="bbox 102 677 1556 730; baseline -0.001 -13"><span class='ocrx_word' id='word_1_87' title='bbox 102 678 199 717; x_wconf 83' lang='lat' dir='ltr'>nihil</span> <span class='ocrx_word' id='word_1_88' title='bbox 214 677 378 716; x_wconf 86' lang='lat' dir='ltr'>relicum</span> <span class='ocrx_word' id='word_1_89' title='bbox 396 678 491 717; x_wconf 87' lang='lat' dir='ltr'>fieri.</span> <span class='ocrx_word' id='word_1_90' title='bbox 523 678 691 729; x_wconf 87' lang='lat' dir='ltr'>denique</span> <span class='ocrx_word' id='word_1_91' title='bbox 706 677 871 716; x_wconf 88' lang='lat' dir='ltr'>Romani</span> <span class='ocrx_word' id='word_1_92' title='bbox 888 678 1009 717; x_wconf 89' lang='lat' dir='ltr'>multo</span> <span class='ocrx_word' id='word_1_93' title='bbox 1026 682 1113 718; x_wconf 88' lang='lat' dir='ltr'>ante</span> <span class='ocrx_word' id='word_1_94' title='bbox 1128 677 1260 717; x_wconf 88' lang='lat' dir='ltr'>labore</span> <span class='ocrx_word' id='word_1_95' title='bbox 1277 679 1515 730; x_wconf 86' lang='lat' dir='ltr'>proeliisque</span> <span class='ocrx_word' id='word_1_96' title='bbox 1538 684 1556 716; x_wconf 89' lang='lat'>5</span> 
     </span>
     <span class='ocr_line' id='line_1_16' title="bbox 103 734 1513 786; baseline 0.001 -14"><span class='ocrx_word' id='word_1_97' title='bbox 103 734 262 785; x_wconf 84' lang='lat' dir='ltr'>fatigati,</span> <span class='ocrx_word' id='word_1_98' title='bbox 280 740 368 785; x_wconf 88' lang='lat' dir='ltr'>post</span> <span class='ocrx_word' id='word_1_99' title='bbox 387 734 466 773; x_wconf 92' lang='lat' dir='ltr'>dies</span> <span class='ocrx_word' id='word_1_100' title='bbox 484 734 737 785; x_wconf 87' lang='lat' dir='ltr'>quadraginta</span> <span class='ocrx_word' id='word_1_101' title='bbox 753 746 868 784; x_wconf 90' lang='lat' dir='ltr'>quam</span> <span class='ocrx_word' id='word_1_102' title='bbox 885 746 930 772; x_wconf 87' lang='lat' dir='ltr'>eo</span> <span class='ocrx_word' id='word_1_103' title='bbox 948 739 1104 773; x_wconf 90' lang='lat' dir='ltr'>ventum</span> <span class='ocrx_word' id='word_1_104' title='bbox 1123 740 1215 782; x_wconf 87' lang='lat' dir='ltr'>erat,</span> <span class='ocrx_word' id='word_1_105' title='bbox 1239 735 1382 786; x_wconf 91' lang='lat' dir='ltr'>oppido</span> <span class='ocrx_word' id='word_1_106' title='bbox 1399 735 1513 774; x_wconf 90' lang='lat' dir='ltr'>modo</span> 
     </span>
     <span class='ocr_line' id='line_1_17' title="bbox 102 790 1557 843; baseline 0.001 -14"><span class='ocrx_word' id='word_1_107' title='bbox 102 792 227 843; x_wconf 86' lang='lat' dir='ltr'>potiti,</span> <span class='ocrx_word' id='word_1_108' title='bbox 249 791 389 842; x_wconf 89' lang='lat' dir='ltr'>praeda</span> <span class='ocrx_word' id='word_1_109' title='bbox 411 791 536 828; x_wconf 91' lang='lat' dir='ltr'>omnis</span> <span class='ocrx_word' id='word_1_110' title='bbox 557 790 603 828; x_wconf 92' lang='lat' dir='ltr'>ab</span> <span class='ocrx_word' id='word_1_111' title='bbox 626 790 800 841; x_wconf 84' lang='lat' dir='ltr'>perfugis</span> <span class='ocrx_word' id='word_1_112' title='bbox 822 796 1024 841; x_wconf 85' lang='lat' dir='ltr'>conrupta.</span> <span class='ocrx_word' id='word_1_113' title='bbox 1077 790 1110 830; x_wconf 93' lang='lat' dir='ltr'>ei</span> <span class='ocrx_word' id='word_1_114' title='bbox 1133 795 1336 842; x_wconf 84' lang='lat' dir='ltr'>postquam</span> <span class='ocrx_word' id='word_1_115' title='bbox 1359 804 1512 830; x_wconf 89' lang='lat' dir='ltr'>murum</span> <span class='ocrx_word' id='word_1_116' title='bbox 1538 797 1557 829; x_wconf 90' lang='grc'>6</span> 
     </span>
     <span class='ocr_line' id='line_1_18' title="bbox 102 846 1513 898; baseline 0.001 -13"><span class='ocrx_word' id='word_1_117' title='bbox 102 846 286 886; x_wconf 89' lang='lat' dir='ltr'>arietibus</span> <span class='ocrx_word' id='word_1_118' title='bbox 309 847 413 885; x_wconf 85' lang='lat' dir='ltr'>feriri</span> <span class='ocrx_word' id='word_1_119' title='bbox 435 858 576 897; x_wconf 90' lang='lat' dir='ltr'>resque</span> <span class='ocrx_word' id='word_1_120' title='bbox 599 859 688 885; x_wconf 87' lang='lat' dir='ltr'>suas</span> <span class='ocrx_word' id='word_1_121' title='bbox 709 846 881 885; x_wconf 82' lang='lat' dir='ltr'>adflictas</span> <span class='ocrx_word' id='word_1_122' title='bbox 902 846 1055 894; x_wconf 85' lang='lat' dir='ltr'>vident,</span> <span class='ocrx_word' id='word_1_123' title='bbox 1082 859 1219 886; x_wconf 89' lang='lat' dir='ltr'>aurum</span> <span class='ocrx_word' id='word_1_124' title='bbox 1240 853 1355 898; x_wconf 85' lang='lat' dir='ltr'>atque</span> <span class='ocrx_word' id='word_1_125' title='bbox 1376 859 1513 898; x_wconf 88' lang='lat' dir='ltr'>argen—</span> 
     </span>
     <span class='ocr_line' id='line_1_19' title="bbox 101 902 1512 955; baseline 0.001 -14"><span class='ocrx_word' id='word_1_126' title='bbox 101 908 182 942; x_wconf 89' lang='lat' dir='ltr'>tum</span> <span class='ocrx_word' id='word_1_127' title='bbox 206 908 244 942; x_wconf 86' lang='lat' dir='ltr'>et</span> <span class='ocrx_word' id='word_1_128' title='bbox 262 902 333 941; x_wconf 90' lang='lat' dir='ltr'>alia</span> <span class='ocrx_word' id='word_1_129' title='bbox 355 915 453 953; x_wconf 89' lang='lat' dir='ltr'>quae</span> <span class='ocrx_word' id='word_1_130' title='bbox 474 903 597 954; x_wconf 89' lang='lat' dir='ltr'>prima</span> <span class='ocrx_word' id='word_1_131' title='bbox 618 903 815 941; x_wconf 83' lang='lat' dir='ltr'>ducuntur</span> <span class='ocrx_word' id='word_1_132' title='bbox 836 903 992 941; x_wconf 90' lang='lat' dir='ltr'>domum</span> <span class='ocrx_word' id='word_1_133' title='bbox 1011 903 1155 954; x_wconf 86' lang='lat' dir='ltr'>regiam</span> <span class='ocrx_word' id='word_1_134' title='bbox 1178 910 1423 955; x_wconf 81' lang='lat' dir='ltr'>conportant.</span> <span class='ocrx_word' id='word_1_135' title='bbox 1462 904 1512 942; x_wconf 87' lang='lat' dir='ltr'>ibi</span> 
     </span>
     <span class='ocr_line' id='line_1_20' title="bbox 100 958 1516 1010; baseline 0 -12"><span class='ocrx_word' id='word_1_136' title='bbox 100 960 190 998; x_wconf 90' lang='lat' dir='ltr'>vino</span> <span class='ocrx_word' id='word_1_137' title='bbox 220 963 257 997; x_wconf 90' lang='lat' dir='ltr'>et</span> <span class='ocrx_word' id='word_1_138' title='bbox 277 959 402 1010; x_wconf 87' lang='lat' dir='ltr'>epulis</span> <span class='ocrx_word' id='word_1_139' title='bbox 425 959 572 998; x_wconf 89' lang='lat' dir='ltr'>onerati</span> <span class='ocrx_word' id='word_1_140' title='bbox 605 958 747 1009; x_wconf 90' lang='lat' dir='ltr'>illaque</span> <span class='ocrx_word' id='word_1_141' title='bbox 769 964 805 998; x_wconf 87' lang='lat' dir='ltr'>et</span> <span class='ocrx_word' id='word_1_142' title='bbox 836 959 992 998; x_wconf 90' lang='lat' dir='ltr'>domum</span> <span class='ocrx_word' id='word_1_143' title='bbox 1013 965 1050 997; x_wconf 87' lang='lat' dir='ltr'>et</span> <span class='ocrx_word' id='word_1_144' title='bbox 1080 965 1200 998; x_wconf 90' lang='lat' dir='ltr'>semet</span> <span class='ocrx_word' id='word_1_145' title='bbox 1221 959 1302 1010; x_wconf 90' lang='lat' dir='ltr'>igni</span> <span class='ocrx_word' id='word_1_146' title='bbox 1332 973 1516 1000; x_wconf 81' lang='lat' dir='ltr'>conrum—</span> 
     </span>
     <span class='ocr_line' id='line_1_21' title="bbox 101 1015 1515 1068; baseline 0.001 -15"><span class='ocrx_word' id='word_1_147' title='bbox 101 1021 201 1067; x_wconf 88' lang='lat' dir='ltr'>punt</span> <span class='ocrx_word' id='word_1_148' title='bbox 222 1020 259 1053; x_wconf 91' lang='lat' dir='ltr'>et</span> <span class='ocrx_word' id='word_1_149' title='bbox 279 1027 375 1066; x_wconf 88' lang='lat' dir='ltr'>quas</span> <span class='ocrx_word' id='word_1_150' title='bbox 396 1015 484 1054; x_wconf 67' lang='lat' dir='ltr'>xicti</span> <span class='ocrx_word' id='word_1_151' title='bbox 505 1015 550 1053; x_wconf 87' lang='lat' dir='ltr'>ab</span> <span class='ocrx_word' id='word_1_152' title='bbox 573 1015 749 1053; x_wconf 82' lang='lat' dir='ltr'>hostibus</span> <span class='ocrx_word' id='word_1_153' title='bbox 782 1027 927 1066; x_wconf 86' lang='lat' dir='ltr'>poenas</span> <span class='ocrx_word' id='word_1_154' title='bbox 948 1020 1179 1062; x_wconf 87' lang='lat' dir='ltr'>metuerant,</span> <span class='ocrx_word' id='word_1_155' title='bbox 1203 1028 1266 1055; x_wconf 88' lang='lat' dir='ltr'>eas</span> <span class='ocrx_word' id='word_1_156' title='bbox 1287 1017 1360 1068; x_wconf 90' lang='lat' dir='ltr'>ipsi</span> <span class='ocrx_word' id='word_1_157' title='bbox 1383 1017 1515 1055; x_wconf 90' lang='lat' dir='ltr'>volen-</span> 
     </span>
     <span class='ocr_line' id='line_1_22' title="bbox 100 1071 414 1123; baseline -0.003 -13"><span class='ocrx_word' id='word_1_158' title='bbox 100 1078 158 1110; x_wconf 87' lang='lat' dir='ltr'>tes</span> <span class='ocrx_word' id='word_1_159' title='bbox 179 1071 414 1123; x_wconf 84' lang='lat' dir='ltr'>pependere.</span> 
     </span>
    </p>

    <p class='ocr_par' dir='ltr' id='par_1_8' title="bbox 96 1127 1583 2359">
     <span class='ocr_line' id='line_1_23' title="bbox 214 1127 1582 1179; baseline -0.001 -12"><span class='ocrx_word' id='word_1_160' title='bbox 214 1128 289 1167; x_wconf 90' lang='lat' dir='ltr'>Sed</span> <span class='ocrx_word' id='word_1_161' title='bbox 310 1127 454 1179; x_wconf 85' lang='lat' dir='ltr'>pariter</span> <span class='ocrx_word' id='word_1_162' title='bbox 475 1139 563 1166; x_wconf 91' lang='lat' dir='ltr'>cum</span> <span class='ocrx_word' id='word_1_163' title='bbox 586 1131 695 1178; x_wconf 88' lang='lat' dir='ltr'>capta</span> <span class='ocrx_word' id='word_1_164' title='bbox 716 1127 835 1166; x_wconf 87' lang='lat' dir='ltr'>Thala</span> <span class='ocrx_word' id='word_1_165' title='bbox 856 1127 968 1178; x_wconf 89' lang='lat' dir='ltr'>legati</span> <span class='ocrx_word' id='word_1_166' title='bbox 992 1140 1034 1166; x_wconf 83' lang='lat' dir='ltr'>ex</span> <span class='ocrx_word' id='word_1_167' title='bbox 1068 1128 1213 1179; x_wconf 90' lang='lat' dir='ltr'>oppido</span> <span class='ocrx_word' id='word_1_168' title='bbox 1235 1128 1345 1179; x_wconf 81' lang='lat' dir='ltr'>Lepti</span> <span class='ocrx_word' id='word_1_169' title='bbox 1368 1128 1412 1166; x_wconf 91' lang='lat' dir='ltr'>ad</span> <span class='ocrx_word' id='word_1_170' title='bbox 1434 1129 1514 1168; x_wconf 91' lang='lat' dir='ltr'>Me—</span> <span class='ocrx_word' id='word_1_171' title='bbox 1539 1130 1582 1166; x_wconf 79' lang='lat'>77</span> 
     </span>
     <span class='ocr_line' id='line_1_24' title="bbox 101 1180 1513 1235; baseline 0.001 -13"><span class='ocrx_word' id='word_1_172' title='bbox 101 1183 233 1222; x_wconf 82' lang='lat' dir='ltr'>tellum</span> <span class='ocrx_word' id='word_1_173' title='bbox 255 1190 442 1222; x_wconf 88' lang='lat' dir='ltr'>venerant</span> <span class='ocrx_word' id='word_1_174' title='bbox 462 1180 629 1222; x_wconf 34' lang='lat' dir='ltr'>orantes*</span> <span class='ocrx_word' id='word_1_175' title='bbox 639 1183 695 1222; x_wconf 90' lang='lat' dir='ltr'>uti</span> <span class='ocrx_word' id='word_1_176' title='bbox 716 1183 953 1234; x_wconf 83' lang='lat' dir='ltr'>praesidium</span> <span class='ocrx_word' id='word_1_177' title='bbox 976 1184 1294 1235; x_wconf 81' lang='lat' dir='ltr'>praefectumque</span> <span class='ocrx_word' id='word_1_178' title='bbox 1317 1197 1361 1223; x_wconf 89' lang='lat' dir='ltr'>eo</span> <span class='ocrx_word' id='word_1_179' title='bbox 1387 1185 1513 1224; x_wconf 86' lang='lat' dir='ltr'>mitte—</span> 
     </span>
     <span class='ocr_line' id='line_1_25' title="bbox 101 1239 1515 1290; baseline 0.001 -12"><span class='ocrx_word' id='word_1_180' title='bbox 101 1245 177 1278; x_wconf 89' lang='lat' dir='ltr'>ret:</span> <span class='ocrx_word' id='word_1_181' title='bbox 220 1239 473 1278; x_wconf 82' lang='lat' dir='ltr'>Hamilcarem</span> <span class='ocrx_word' id='word_1_182' title='bbox 514 1239 706 1290; x_wconf 85' lang='lat' dir='ltr'>quendam</span> <span class='ocrx_word' id='word_1_183' title='bbox 736 1239 933 1278; x_wconf 88' lang='lat' dir='ltr'>hominem</span> <span class='ocrx_word' id='word_1_184' title='bbox 964 1240 1135 1279; x_wconf 89' lang='lat' dir='ltr'>nobilem</span> <span class='ocrx_word' id='word_1_185' title='bbox 1171 1240 1377 1279; x_wconf 87' lang='lat' dir='ltr'>factiosum</span> <span class='ocrx_word' id='word_1_186' title='bbox 1408 1241 1515 1279; x_wconf 88' lang='lat' dir='ltr'>novis</span> 
     </span>
     <span class='ocr_line' id='line_1_26' title="bbox 103 1295 1513 1347; baseline -0.001 -12"><span class='ocrx_word' id='word_1_187' title='bbox 103 1296 220 1335; x_wconf 89' lang='lat' dir='ltr'>rebus</span> <span class='ocrx_word' id='word_1_188' title='bbox 249 1295 423 1342; x_wconf 89' lang='lat' dir='ltr'>studere,</span> <span class='ocrx_word' id='word_1_189' title='bbox 465 1295 668 1335; x_wconf 82' lang='lat' dir='ltr'>advorsum</span> <span class='ocrx_word' id='word_1_190' title='bbox 708 1308 822 1347; x_wconf 87' lang='lat' dir='ltr'>quem</span> <span class='ocrx_word' id='word_1_191' title='bbox 861 1308 988 1346; x_wconf 88' lang='lat' dir='ltr'>neque</span> <span class='ocrx_word' id='word_1_192' title='bbox 1019 1296 1180 1347; x_wconf 87' lang='lat' dir='ltr'>imperia</span> <span class='ocrx_word' id='word_1_193' title='bbox 1222 1297 1513 1347; x_wconf 84' lang='lat' dir='ltr'>magistratuum</span> 
     </span>
     <span class='ocr_line' id='line_1_27' title="bbox 102 1351 1513 1404; baseline 0 -13"><span class='ocrx_word' id='word_1_194' title='bbox 102 1364 229 1403; x_wconf 87' lang='lat' dir='ltr'>neque</span> <span class='ocrx_word' id='word_1_195' title='bbox 249 1352 354 1403; x_wconf 87' lang='lat' dir='ltr'>leges</span> <span class='ocrx_word' id='word_1_196' title='bbox 375 1351 557 1391; x_wconf 88' lang='lat' dir='ltr'>valerent.</span> <span class='ocrx_word' id='word_1_197' title='bbox 599 1352 638 1390; x_wconf 90' lang='lat' dir='ltr'>ni</span> <span class='ocrx_word' id='word_1_198' title='bbox 661 1351 698 1390; x_wconf 92' lang='lat' dir='ltr'>id</span> <span class='ocrx_word' id='word_1_199' title='bbox 728 1352 939 1400; x_wconf 83' lang='lat' dir='ltr'>festinaret,</span> <span class='ocrx_word' id='word_1_200' title='bbox 962 1352 1001 1390; x_wconf 91' lang='lat' dir='ltr'>in</span> <span class='ocrx_word' id='word_1_201' title='bbox 1024 1364 1176 1391; x_wconf 90' lang='lat' dir='ltr'>summo</span> <span class='ocrx_word' id='word_1_202' title='bbox 1198 1353 1374 1404; x_wconf 87' lang='lat' dir='ltr'>periculo</span> <span class='ocrx_word' id='word_1_203' title='bbox 1406 1366 1513 1392; x_wconf 91' lang='lat' dir='ltr'>suam</span> 
     </span>
     <span class='ocr_line' id='line_1_28' title="bbox 99 1408 1555 1460; baseline 0 -13"><span class='ocrx_word' id='word_1_204' title='bbox 99 1409 275 1456; x_wconf 89' lang='lat' dir='ltr'>salutem,</span> <span class='ocrx_word' id='word_1_205' title='bbox 307 1408 460 1446; x_wconf 90' lang='lat' dir='ltr'>illorum</span> <span class='ocrx_word' id='word_1_206' title='bbox 483 1408 610 1446; x_wconf 90' lang='lat' dir='ltr'>socios</span> <span class='ocrx_word' id='word_1_207' title='bbox 631 1409 726 1447; x_wconf 89' lang='lat' dir='ltr'>fore.</span> <span class='ocrx_word' id='word_1_208' title='bbox 772 1420 860 1447; x_wconf 91' lang='lat' dir='ltr'>nam</span> <span class='ocrx_word' id='word_1_209' title='bbox 883 1408 1076 1459; x_wconf 87' lang='lat' dir='ltr'>Leptitani</span> <span class='ocrx_word' id='word_1_210' title='bbox 1097 1409 1171 1448; x_wconf 90' lang='lat' dir='ltr'>iam</span> <span class='ocrx_word' id='word_1_211' title='bbox 1202 1409 1293 1448; x_wconf 91' lang='lat' dir='ltr'>inde</span> <span class='ocrx_word' id='word_1_212' title='bbox 1318 1422 1338 1448; x_wconf 91' lang='lat' dir='ltr'>a</span> <span class='ocrx_word' id='word_1_213' title='bbox 1367 1409 1513 1460; x_wconf 83' lang='lat' dir='ltr'>princi·</span> <span class='ocrx_word' id='word_1_214' title='bbox 1537 1416 1555 1447; x_wconf 84' lang='lat'><strong>2</strong></span> 
     </span>
     <span class='ocr_line' id='line_1_29' title="bbox 99 1464 1513 1516; baseline 0.001 -13"><span class='ocrx_word' id='word_1_215' title='bbox 99 1465 165 1516; x_wconf 93' lang='lat' dir='ltr'>pio</span> <span class='ocrx_word' id='word_1_216' title='bbox 185 1464 276 1503; x_wconf 91' lang='lat' dir='ltr'>belli</span> <span class='ocrx_word' id='word_1_217' title='bbox 297 1464 517 1515; x_wconf 88' lang='lat' dir='ltr'>Iugurthini</span> <span class='ocrx_word' id='word_1_218' title='bbox 546 1464 592 1502; x_wconf 91' lang='lat' dir='ltr'>ad</span> <span class='ocrx_word' id='word_1_219' title='bbox 613 1465 779 1503; x_wconf 90' lang='lat' dir='ltr'>Bestiam</span> <span class='ocrx_word' id='word_1_220' title='bbox 809 1465 1010 1503; x_wconf 86' lang='lat' dir='ltr'>consulem</span> <span class='ocrx_word' id='word_1_221' title='bbox 1033 1470 1070 1503; x_wconf 89' lang='lat' dir='ltr'>et</span> <span class='ocrx_word' id='word_1_222' title='bbox 1097 1471 1231 1516; x_wconf 88' lang='lat' dir='ltr'>postea</span> <span class='ocrx_word' id='word_1_223' title='bbox 1251 1465 1412 1504; x_wconf 84' lang='lat' dir='ltr'>Romam</span> <span class='ocrx_word' id='word_1_224' title='bbox 1442 1466 1513 1504; x_wconf 90' lang='lat' dir='ltr'>mi-</span> 
     </span>
     <span class='ocr_line' id='line_1_30' title="bbox 99 1520 1554 1573; baseline 0 -14"><span class='ocrx_word' id='word_1_225' title='bbox 99 1526 230 1560; x_wconf 82' lang='lat' dir='ltr'>serant</span> <span class='ocrx_word' id='word_1_226' title='bbox 258 1520 461 1559; x_wconf 86' lang='lat' dir='ltr'>amicitiam</span> <span class='ocrx_word' id='word_1_227' title='bbox 490 1520 793 1570; x_wconf 87' lang='lat' dir='ltr'>societatemque</span> <span class='ocrx_word' id='word_1_228' title='bbox 820 1526 1011 1571; x_wconf 89' lang='lat' dir='ltr'>rogatum.</span> <span class='ocrx_word' id='word_1_229' title='bbox 1067 1521 1206 1559; x_wconf 89' lang='lat' dir='ltr'>deinde</span> <span class='ocrx_word' id='word_1_230' title='bbox 1228 1521 1295 1560; x_wconf 92' lang='lat' dir='ltr'>ubi</span> <span class='ocrx_word' id='word_1_231' title='bbox 1330 1533 1372 1560; x_wconf 89' lang='lat' dir='ltr'>ea</span> <span class='ocrx_word' id='word_1_232' title='bbox 1400 1522 1511 1573; x_wconf 89' lang='lat' dir='ltr'>inpe-</span> <span class='ocrx_word' id='word_1_233' title='bbox 1536 1528 1554 1559; x_wconf 87' lang='grc'><strong>3</strong></span> 
     </span>
     <span class='ocr_line' id='line_1_31' title="bbox 99 1576 1511 1628; baseline -0.001 -12"><span class='ocrx_word' id='word_1_234' title='bbox 99 1581 208 1625; x_wconf 90' lang='lat' dir='ltr'>trata,</span> <span class='ocrx_word' id='word_1_235' title='bbox 231 1589 385 1628; x_wconf 89' lang='lat' dir='ltr'>semper</span> <span class='ocrx_word' id='word_1_236' title='bbox 406 1576 497 1614; x_wconf 90' lang='lat' dir='ltr'>boni</span> <span class='ocrx_word' id='word_1_237' title='bbox 519 1576 729 1627; x_wconf 86' lang='lat' dir='ltr'>fidelesque</span> <span class='ocrx_word' id='word_1_238' title='bbox 757 1588 934 1616; x_wconf 87' lang='lat' dir='ltr'>mansere</span> <span class='ocrx_word' id='word_1_239' title='bbox 958 1582 995 1615; x_wconf 89' lang='lat' dir='ltr'>et</span> <span class='ocrx_word' id='word_1_240' title='bbox 1024 1582 1163 1616; x_wconf 89' lang='lat' dir='ltr'>cuncta</span> <span class='ocrx_word' id='word_1_241' title='bbox 1185 1589 1204 1615; x_wconf 92' lang='lat' dir='ltr'>a</span> <span class='ocrx_word' id='word_1_242' title='bbox 1226 1577 1351 1617; x_wconf 88' lang='lat' dir='ltr'>Bestia</span> <span class='ocrx_word' id='word_1_243' title='bbox 1374 1578 1511 1616; x_wconf 84' lang='lat' dir='ltr'>Albino</span> 
     </span>
     <span class='ocr_line' id='line_1_32' title="bbox 98 1632 1555 1685; baseline 0.001 -13"><span class='ocrx_word' id='word_1_244' title='bbox 98 1633 328 1684; x_wconf 88' lang='lat' dir='ltr'>Metelloque</span> <span class='ocrx_word' id='word_1_245' title='bbox 360 1633 546 1684; x_wconf 88' lang='lat' dir='ltr'>imperata</span> <span class='ocrx_word' id='word_1_246' title='bbox 569 1645 661 1671; x_wconf 88' lang='lat' dir='ltr'>nave</span> <span class='ocrx_word' id='word_1_247' title='bbox 682 1632 866 1671; x_wconf 88' lang='lat' dir='ltr'>fecerant.</span> <span class='ocrx_word' id='word_1_248' title='bbox 910 1633 1039 1684; x_wconf 89' lang='lat' dir='ltr'>itaque</span> <span class='ocrx_word' id='word_1_249' title='bbox 1061 1632 1107 1672; x_wconf 90' lang='lat' dir='ltr'>ab</span> <span class='ocrx_word' id='word_1_250' title='bbox 1138 1633 1371 1685; x_wconf 83' lang='lat' dir='ltr'>imperatore</span> <span class='ocrx_word' id='word_1_251' title='bbox 1400 1634 1512 1673; x_wconf 89' lang='lat' dir='ltr'>facile</span> <span class='ocrx_word' id='word_1_252' title='bbox 1535 1640 1555 1672; x_wconf 85' lang='lat'>4</span> 
     </span>
     <span class='ocr_line' id='line_1_33' title="bbox 99 1688 1514 1741; baseline 0.001 -13"><span class='ocrx_word' id='word_1_253' title='bbox 99 1702 196 1741; x_wconf 90' lang='lat' dir='ltr'>quae</span> <span class='ocrx_word' id='word_1_254' title='bbox 217 1689 400 1740; x_wconf 91' lang='lat' dir='ltr'>petebant</span> <span class='ocrx_word' id='word_1_255' title='bbox 420 1688 559 1740; x_wconf 86' lang='lat' dir='ltr'>adepti.</span> <span class='ocrx_word' id='word_1_256' title='bbox 601 1689 763 1727; x_wconf 90' lang='lat' dir='ltr'>emissae</span> <span class='ocrx_word' id='word_1_257' title='bbox 785 1701 829 1727; x_wconf 91' lang='lat' dir='ltr'>eo</span> <span class='ocrx_word' id='word_1_258' title='bbox 861 1689 1041 1728; x_wconf 87' lang='lat' dir='ltr'>cohortes</span> <span class='ocrx_word' id='word_1_259' title='bbox 1062 1689 1252 1740; x_wconf 88' lang='lat' dir='ltr'>Ligurum</span> <span class='ocrx_word' id='word_1_260' title='bbox 1274 1695 1455 1741; x_wconf 88' lang='lat' dir='ltr'>quattuor</span> <span class='ocrx_word' id='word_1_261' title='bbox 1477 1698 1514 1729; x_wconf 88' lang='lat' dir='ltr'>et</span> 
     </span>
     <span class='ocr_line' id='line_1_34' title="bbox 99 1745 1583 1796; baseline 0.001 -12"><span class='ocrx_word' id='word_1_262' title='bbox 99 1745 139 1784; x_wconf 88' lang='lat' dir='ltr'>C.</span> <span class='ocrx_word' id='word_1_263' title='bbox 171 1745 322 1785; x_wconf 88' lang='lat' dir='ltr'>Annius</span> <span class='ocrx_word' id='word_1_264' title='bbox 354 1745 585 1796; x_wconf 88' lang='lat' dir='ltr'>praefectus.</span> <span class='ocrx_word' id='word_1_265' title='bbox 646 1745 683 1783; x_wconf 93' lang='lat' dir='ltr'>id</span> <span class='ocrx_word' id='word_1_266' title='bbox 714 1745 902 1795; x_wconf 92' lang='lat' dir='ltr'>oppidum</span> <span class='ocrx_word' id='word_1_267' title='bbox 932 1745 978 1783; x_wconf 91' lang='lat' dir='ltr'>ab</span> <span class='ocrx_word' id='word_1_268' title='bbox 1010 1745 1180 1784; x_wconf 91' lang='lat' dir='ltr'>Sidoniis</span> <span class='ocrx_word' id='word_1_269' title='bbox 1211 1746 1411 1785; x_wconf 88' lang='lat' dir='ltr'>conditum</span> <span class='ocrx_word' id='word_1_270' title='bbox 1443 1753 1513 1794; x_wconf 90' lang='lat' dir='ltr'>est,</span> <span class='ocrx_word' id='word_1_271' title='bbox 1538 1749 1583 1784; x_wconf 78' lang='lat'>78</span> 
     </span>
     <span class='ocr_line' id='line_1_35' title="bbox 99 1800 1509 1853; baseline 0.001 -13"><span class='ocrx_word' id='word_1_272' title='bbox 99 1814 196 1853; x_wconf 91' lang='lat' dir='ltr'>quos</span> <span class='ocrx_word' id='word_1_273' title='bbox 218 1802 438 1853; x_wconf 87' lang='lat' dir='ltr'>accepimus</span> <span class='ocrx_word' id='word_1_274' title='bbox 460 1801 648 1852; x_wconf 88' lang='lat' dir='ltr'>profugos</span> <span class='ocrx_word' id='word_1_275' title='bbox 670 1801 718 1838; x_wconf 91' lang='lat' dir='ltr'>ob</span> <span class='ocrx_word' id='word_1_276' title='bbox 742 1800 951 1840; x_wconf 87' lang='lat' dir='ltr'>discordias</span> <span class='ocrx_word' id='word_1_277' title='bbox 973 1801 1093 1840; x_wconf 85' lang='lat' dir='ltr'>civilis</span> <span class='ocrx_word' id='word_1_278' title='bbox 1115 1801 1275 1841; x_wconf 91' lang='lat' dir='ltr'>navibus</span> <span class='ocrx_word' id='word_1_279' title='bbox 1305 1802 1345 1840; x_wconf 89' lang='lat' dir='ltr'>in</span> <span class='ocrx_word' id='word_1_280' title='bbox 1368 1815 1433 1841; x_wconf 92' lang='lat' dir='ltr'>eos</span> <span class='ocrx_word' id='word_1_281' title='bbox 1455 1803 1509 1841; x_wconf 52' lang='lat'>10-</span> 
     </span>
     <span class='ocr_line' id='line_1_36' title="bbox 99 1856 1511 1908; baseline 0.001 -12"><span class='ocrx_word' id='word_1_282' title='bbox 99 1870 164 1896; x_wconf 90' lang='lat' dir='ltr'>cos</span> <span class='ocrx_word' id='word_1_283' title='bbox 184 1858 348 1901; x_wconf 80' lang='lat' dir='ltr'>venisse,</span> <span class='ocrx_word' id='word_1_284' title='bbox 375 1863 548 1896; x_wconf 88' lang='lat' dir='ltr'>ceterum</span> <span class='ocrx_word' id='word_1_285' title='bbox 569 1857 685 1896; x_wconf 87' lang='lat' dir='ltr'>situm</span> <span class='ocrx_word' id='word_1_286' title='bbox 707 1856 808 1895; x_wconf 90' lang='lat' dir='ltr'>inter</span> <span class='ocrx_word' id='word_1_287' title='bbox 830 1856 923 1895; x_wconf 86' lang='lat' dir='ltr'>duas</span> <span class='ocrx_word' id='word_1_288' title='bbox 945 1856 1088 1907; x_wconf 84' lang='lat' dir='ltr'>Syrtis,</span> <span class='ocrx_word' id='word_1_289' title='bbox 1121 1857 1262 1908; x_wconf 87' lang='lat' dir='ltr'>quibus</span> <span class='ocrx_word' id='word_1_290' title='bbox 1292 1871 1435 1897; x_wconf 86' lang='lat' dir='ltr'>nomen</span> <span class='ocrx_word' id='word_1_291' title='bbox 1467 1872 1511 1897; x_wconf 82' lang='lat' dir='ltr'>ex</span> 
     </span>
     <span class='ocr_line' id='line_1_37' title="bbox 97 1913 1553 1966; baseline -0.001 -14"><span class='ocrx_word' id='word_1_292' title='bbox 97 1926 140 1954; x_wconf 87' lang='lat' dir='ltr'>re</span> <span class='ocrx_word' id='word_1_293' title='bbox 160 1914 339 1952; x_wconf 87' lang='lat' dir='ltr'>inditum.</span> <span class='ocrx_word' id='word_1_294' title='bbox 383 1925 471 1951; x_wconf 91' lang='lat' dir='ltr'>nam</span> <span class='ocrx_word' id='word_1_295' title='bbox 493 1913 569 1951; x_wconf 91' lang='lat' dir='ltr'>duo</span> <span class='ocrx_word' id='word_1_296' title='bbox 592 1918 684 1952; x_wconf 83' lang='lat' dir='ltr'>sunt</span> <span class='ocrx_word' id='word_1_297' title='bbox 705 1913 813 1951; x_wconf 91' lang='lat' dir='ltr'>sinus</span> <span class='ocrx_word' id='word_1_298' title='bbox 837 1924 959 1964; x_wconf 88' lang='lat' dir='ltr'>prope</span> <span class='ocrx_word' id='word_1_299' title='bbox 991 1914 1030 1952; x_wconf 90' lang='lat' dir='ltr'>in</span> <span class='ocrx_word' id='word_1_300' title='bbox 1054 1918 1222 1953; x_wconf 86' lang='lat' dir='ltr'>extrema</span> <span class='ocrx_word' id='word_1_301' title='bbox 1244 1914 1371 1953; x_wconf 87' lang='lat' dir='ltr'>Africa</span> <span class='ocrx_word' id='word_1_302' title='bbox 1400 1915 1511 1966; x_wconf 89' lang='lat' dir='ltr'>inpa-</span> <span class='ocrx_word' id='word_1_303' title='bbox 1535 1920 1553 1951; x_wconf 86' lang='lat'>2</span> 
     </span>
     <span class='ocr_line' id='line_1_38' title="bbox 96 1968 1512 2022; baseline 0.001 -14"><span class='ocrx_word' id='word_1_304' title='bbox 96 1982 159 2008; x_wconf 87' lang='lat' dir='ltr'>res</span> <span class='ocrx_word' id='word_1_305' title='bbox 185 1969 452 2019; x_wconf 87' lang='lat' dir='ltr'>magnitudine</span> <span class='ocrx_word' id='word_1_306' title='bbox 480 1968 564 2020; x_wconf 90' lang='lat' dir='ltr'>pari</span> <span class='ocrx_word' id='word_1_307' title='bbox 586 1974 733 2007; x_wconf 88' lang='lat' dir='ltr'>natura.</span> <span class='ocrx_word' id='word_1_308' title='bbox 785 1981 952 2020; x_wconf 88' lang='lat' dir='ltr'>quorum</span> <span class='ocrx_word' id='word_1_309' title='bbox 974 1981 1161 2020; x_wconf 89' lang='lat' dir='ltr'>proxuma</span> <span class='ocrx_word' id='word_1_310' title='bbox 1191 1976 1314 2009; x_wconf 87' lang='lat' dir='ltr'>terrae</span> <span class='ocrx_word' id='word_1_311' title='bbox 1344 1971 1512 2022; x_wconf 88' lang='lat' dir='ltr'>praealta</span> 
     </span>
     <span class='ocr_line' id='line_1_39' title="bbox 97 2024 1511 2078; baseline 0 -13"><span class='ocrx_word' id='word_1_312' title='bbox 97 2031 211 2073; x_wconf 84' lang='lat' dir='ltr'>sunt,</span> <span class='ocrx_word' id='word_1_313' title='bbox 247 2031 394 2072; x_wconf 88' lang='lat' dir='ltr'>cetera,</span> <span class='ocrx_word' id='word_1_314' title='bbox 426 2025 482 2064; x_wconf 89' lang='lat' dir='ltr'>uti</span> <span class='ocrx_word' id='word_1_315' title='bbox 511 2025 591 2063; x_wconf 89' lang='lat' dir='ltr'>fors</span> <span class='ocrx_word' id='word_1_316' title='bbox 622 2024 731 2073; x_wconf 86' lang='lat' dir='ltr'>tulit,</span> <span class='ocrx_word' id='word_1_317' title='bbox 761 2025 832 2064; x_wconf 85' lang='lat' dir='ltr'>alta</span> <span class='ocrx_word' id='word_1_318' title='bbox 862 2025 932 2064; x_wconf 90' lang='lat' dir='ltr'>alia</span> <span class='ocrx_word' id='word_1_319' title='bbox 953 2025 1023 2065; x_wconf 90' lang='lat' dir='ltr'>alia</span> <span class='ocrx_word' id='word_1_320' title='bbox 1045 2026 1085 2064; x_wconf 92' lang='lat' dir='ltr'>in</span> <span class='ocrx_word' id='word_1_321' title='bbox 1106 2031 1332 2078; x_wconf 84' lang='lat' dir='ltr'>tempestate</span> <span class='ocrx_word' id='word_1_322' title='bbox 1360 2027 1511 2066; x_wconf 89' lang='lat' dir='ltr'>vadosa.</span> 
     </span>
     <span class='ocr_line' id='line_1_40' title="bbox 98 2081 1553 2133; baseline 0.001 -13"><span class='ocrx_word' id='word_1_323' title='bbox 98 2094 185 2121; x_wconf 91' lang='lat' dir='ltr'>nam</span> <span class='ocrx_word' id='word_1_324' title='bbox 208 2081 274 2120; x_wconf 90' lang='lat' dir='ltr'>ubi</span> <span class='ocrx_word' id='word_1_325' title='bbox 296 2094 400 2120; x_wconf 87' lang='lat' dir='ltr'>mare</span> <span class='ocrx_word' id='word_1_326' title='bbox 422 2093 604 2132; x_wconf 87' lang='lat' dir='ltr'>magnum</span> <span class='ocrx_word' id='word_1_327' title='bbox 633 2094 716 2120; x_wconf 89' lang='lat' dir='ltr'>esse</span> <span class='ocrx_word' id='word_1_328' title='bbox 738 2088 776 2121; x_wconf 90' lang='lat' dir='ltr'>et</span> <span class='ocrx_word' id='word_1_329' title='bbox 797 2081 941 2120; x_wconf 86' lang='lat' dir='ltr'>saevire</span> <span class='ocrx_word' id='word_1_330' title='bbox 961 2082 1084 2121; x_wconf 87' lang='lat' dir='ltr'>ventis</span> <span class='ocrx_word' id='word_1_331' title='bbox 1106 2083 1254 2133; x_wconf 90' lang='lat' dir='ltr'>coepit,</span> <span class='ocrx_word' id='word_1_332' title='bbox 1286 2083 1421 2121; x_wconf 88' lang='lat' dir='ltr'>limum</span> <span class='ocrx_word' id='word_1_333' title='bbox 1442 2084 1509 2122; x_wconf 90' lang='lat' dir='ltr'>ha-</span> <span class='ocrx_word' id='word_1_334' title='bbox 1533 2089 1553 2121; x_wconf 90' lang='lat'><strong>3</strong></span> 
     </span>
     <span class='ocr_line' id='line_1_41' title="bbox 99 2137 1507 2189; baseline 0.001 -12"><span class='ocrx_word' id='word_1_335' title='bbox 99 2149 311 2189; x_wconf 88' lang='lat' dir='ltr'>renamque</span> <span class='ocrx_word' id='word_1_336' title='bbox 343 2144 382 2176; x_wconf 90' lang='lat' dir='ltr'>et</span> <span class='ocrx_word' id='word_1_337' title='bbox 405 2150 492 2176; x_wconf 87' lang='lat' dir='ltr'>saxa</span> <span class='ocrx_word' id='word_1_338' title='bbox 522 2137 694 2188; x_wconf 88' lang='lat' dir='ltr'>ingentia</span> <span class='ocrx_word' id='word_1_339' title='bbox 725 2137 866 2177; x_wconf 92' lang='lat' dir='ltr'>fluctus</span> <span class='ocrx_word' id='word_1_340' title='bbox 896 2138 1074 2178; x_wconf 88' lang='lat' dir='ltr'>trahunt:</span> <span class='ocrx_word' id='word_1_341' title='bbox 1108 2139 1157 2178; x_wconf 89' lang='lat' dir='ltr'>ita</span> <span class='ocrx_word' id='word_1_342' title='bbox 1188 2139 1304 2178; x_wconf 90' lang='lat' dir='ltr'>facies</span> <span class='ocrx_word' id='word_1_343' title='bbox 1333 2139 1507 2179; x_wconf 89' lang='lat' dir='ltr'>locorum</span> 
     </span>
     <span class='ocr_line' id='line_1_42' title="bbox 97 2194 1552 2245; baseline 0 -12"><span class='ocrx_word' id='word_1_344' title='bbox 97 2207 184 2233; x_wconf 91' lang='lat' dir='ltr'>cum</span> <span class='ocrx_word' id='word_1_345' title='bbox 214 2194 340 2233; x_wconf 88' lang='lat' dir='ltr'>ventis</span> <span class='ocrx_word' id='word_1_346' title='bbox 371 2194 485 2232; x_wconf 90' lang='lat' dir='ltr'>simul</span> <span class='ocrx_word' id='word_1_347' title='bbox 516 2199 698 2241; x_wconf 83' lang='lat' dir='ltr'>mutatur,</span> <span class='ocrx_word' id='word_1_348' title='bbox 739 2194 871 2245; x_wconf 82' lang='lat' dir='ltr'>Syrtes</span> <span class='ocrx_word' id='word_1_349' title='bbox 901 2194 946 2233; x_wconf 93' lang='lat' dir='ltr'>ab</span> <span class='ocrx_word' id='word_1_350' title='bbox 978 2200 1103 2233; x_wconf 90' lang='lat' dir='ltr'>tractu</span> <span class='ocrx_word' id='word_1_351' title='bbox 1135 2196 1366 2234; x_wconf 87' lang='lat' dir='ltr'>nominatae.</span> <span class='ocrx_word' id='word_1_352' title='bbox 1427 2196 1509 2235; x_wconf 87' lang='lat' dir='ltr'>eius</span> <span class='ocrx_word' id='word_1_353' title='bbox 1531 2201 1552 2233; x_wconf 90' lang='grc'>4</span> 
     </span>
     <span class='ocr_line' id='line_1_43' title="bbox 97 2249 1508 2302; baseline 0.001 -13"><span class='ocrx_word' id='word_1_354' title='bbox 97 2250 257 2289; x_wconf 89' lang='lat' dir='ltr'>civitatis</span> <span class='ocrx_word' id='word_1_355' title='bbox 277 2250 408 2300; x_wconf 87' lang='lat' dir='ltr'>lingua</span> <span class='ocrx_word' id='word_1_356' title='bbox 429 2249 543 2288; x_wconf 90' lang='lat' dir='ltr'>modo</span> <span class='ocrx_word' id='word_1_357' title='bbox 574 2262 761 2288; x_wconf 88' lang='lat' dir='ltr'>convorsa</span> <span class='ocrx_word' id='word_1_358' title='bbox 781 2251 949 2290; x_wconf 90' lang='lat' dir='ltr'>conubio</span> <span class='ocrx_word' id='word_1_359' title='bbox 971 2251 1236 2298; x_wconf 90' lang='lat' dir='ltr'>Numidarum,</span> <span class='ocrx_word' id='word_1_360' title='bbox 1268 2251 1397 2302; x_wconf 87' lang='lat' dir='ltr'>legum</span> <span class='ocrx_word' id='word_1_361' title='bbox 1427 2251 1508 2290; x_wconf 89' lang='lat' dir='ltr'>cul-</span> 
     </span>
     <span class='ocr_line' id='line_1_44' title="bbox 96 2305 1508 2359; baseline 0.001 -14"><span class='ocrx_word' id='word_1_362' title='bbox 96 2312 238 2357; x_wconf 90' lang='lat' dir='ltr'>tusque</span> <span class='ocrx_word' id='word_1_363' title='bbox 259 2307 445 2357; x_wconf 88' lang='lat' dir='ltr'>pleraque</span> <span class='ocrx_word' id='word_1_364' title='bbox 466 2305 659 2351; x_wconf 79' lang='lat' dir='ltr'>Sidonica,</span> <span class='ocrx_word' id='word_1_365' title='bbox 682 2318 780 2358; x_wconf 86' lang='lat' dir='ltr'>quae</span> <span class='ocrx_word' id='word_1_366' title='bbox 801 2319 845 2346; x_wconf 89' lang='lat' dir='ltr'>eo</span> <span class='ocrx_word' id='word_1_367' title='bbox 868 2306 1019 2346; x_wconf 83' lang='lat' dir='ltr'>facilius</span> <span class='ocrx_word' id='word_1_368' title='bbox 1040 2307 1269 2355; x_wconf 77' lang='lat' dir='ltr'>retinebant,</span> <span class='ocrx_word' id='word_1_369' title='bbox 1293 2308 1395 2359; x_wconf 88' lang='lat' dir='ltr'>quod</span> <span class='ocrx_word' id='word_1_370' title='bbox 1417 2320 1508 2359; x_wconf 89' lang='lat' dir='ltr'>pro-</span> 
     </span>
    </p>
   </div>
   <div class='ocr_carea' id='block_1_8' title="bbox 97 2415 1514 2641">
    <p class='ocr_par' dir='ltr' id='par_1_9' title="bbox 97 2415 1514 2641">
     <span class='ocr_line' id='line_1_45' title="bbox 187 2415 1512 2460; baseline 0 -10"><span class='ocrx_word' id='word_1_371' title='bbox 187 2419 205 2450; x_wconf 88' lang='lat'>5</span> <span class='ocrx_word' id='word_1_372' title='bbox 239 2415 315 2449; x_wconf 85' lang='lat' dir='ltr'>dein</span> <span class='ocrx_word' id='word_1_373' title='bbox 347 2415 478 2449; x_wconf 87' lang='lat' dir='ltr'>duobus</span> <span class='ocrx_word' id='word_1_374' title='bbox 511 2415 594 2448; x_wconf 83' lang='lat' dir='ltr'>locis</span> <span class='ocrx_word' id='word_1_375' title='bbox 618 2416 647 2448; x_wconf 90' lang='lat' dir='ltr'><em>P</em></span> <span class='ocrx_word' id='word_1_376' title='bbox 672 2420 705 2448; x_wconf 80' lang='lat' dir='ltr'>et</span> <span class='ocrx_word' id='word_1_377' title='bbox 729 2418 780 2449; x_wconf 72' lang='lat' dir='ltr'>sic</span> <span class='ocrx_word' id='word_1_378' title='bbox 811 2417 867 2448; x_wconf 84' lang='lat' dir='ltr'>vel</span> <span class='ocrx_word' id='word_1_379' title='bbox 895 2416 1014 2449; x_wconf 88' lang='lat' dir='ltr'>deinde</span> <span class='ocrx_word' id='word_1_380' title='bbox 1044 2416 1174 2450; x_wconf 91' lang='lat' dir='ltr'>duobus</span> <span class='ocrx_word' id='word_1_381' title='bbox 1203 2418 1286 2451; x_wconf 85' lang='lat' dir='ltr'>locis</span> <span class='ocrx_word' id='word_1_382' title='bbox 1318 2418 1344 2450; x_wconf 87' lang='lat' dir='ltr'><em>C</em></span> <span class='ocrx_word' id='word_1_383' title='bbox 1367 2419 1512 2460; x_wconf 64' lang='lat' dir='ltr'>singuli,</span> 
     </span>
     <span class='ocr_line' id='line_1_46' title="bbox 97 2460 1510 2506; baseline 0.001 -11"><span class='ocrx_word' id='word_1_384' title='bbox 97 2461 216 2495; x_wconf 87' lang='lat' dir='ltr'>deinde</span> <span class='ocrx_word' id='word_1_385' title='bbox 244 2461 338 2494; x_wconf 88' lang='lat' dir='ltr'>iubet</span> <span class='ocrx_word' id='word_1_386' title='bbox 373 2461 457 2494; x_wconf 90' lang='lat' dir='ltr'>locis</span> <span class='ocrx_word' id='word_1_387' title='bbox 499 2461 524 2493; x_wconf 90' lang='lat' dir='ltr'><em>C</em></span> <span class='ocrx_word' id='word_1_388' title='bbox 550 2460 776 2502; x_wconf 63' lang='lat' dir='ltr'>plemssquooe),</span> <span class='ocrx_word' id='word_1_389' title='bbox 817 2464 974 2494; x_wconf 74' lang='lat' dir='ltr'>correxit</span> <span class='ocrx_word' id='word_1_390' title='bbox 1007 2461 1145 2494; x_wconf 70' lang='lat' dir='ltr'>Cor-tius</span> <span class='ocrx_word' id='word_1_391' title='bbox 1171 2462 1183 2506; x_wconf 82' lang='grc' dir='ltr'>ΙΙ</span> <span class='ocrx_word' id='word_1_392' title='bbox 1211 2466 1230 2496; x_wconf 88' lang='grc'>6</span> <span class='ocrx_word' id='word_1_393' title='bbox 1263 2463 1378 2495; x_wconf 83' lang='lat' dir='ltr'>uineas</span> <span class='ocrx_word' id='word_1_394' title='bbox 1411 2473 1510 2505; x_wconf 84' lang='lat' dir='ltr'>agere</span> 
     </span>
     <span class='ocr_line' id='line_1_47' title="bbox 98 2505 1509 2551; baseline -0.001 -10"><span class='ocrx_word' id='word_1_395' title='bbox 98 2516 254 2550; x_wconf 84' lang='lat' dir='ltr'>aggerem</span> <span class='ocrx_word' id='word_1_396' title='bbox 277 2506 386 2538; x_wconf 87' lang='lat' dir='ltr'>iacere</span> <span class='ocrx_word' id='word_1_397' title='bbox 413 2505 560 2546; x_wconf 70' lang='lat' dir='ltr'>eortius,</span> <span class='ocrx_word' id='word_1_398' title='bbox 585 2505 700 2538; x_wconf 88' lang='lat' dir='ltr'>uineas</span> <span class='ocrx_word' id='word_1_399' title='bbox 725 2516 823 2548; x_wconf 83' lang='lat' dir='ltr'>agere</span> <span class='ocrx_word' id='word_1_400' title='bbox 848 2516 1015 2549; x_wconf 86' lang='lat' dir='ltr'>superque</span> <span class='ocrx_word' id='word_1_401' title='bbox 1039 2516 1096 2539; x_wconf 89' lang='lat' dir='ltr'>eas</span> <span class='ocrx_word' id='word_1_402' title='bbox 1121 2517 1242 2550; x_wconf 85' lang='lat' dir='ltr'>aggere</span> <span class='ocrx_word' id='word_1_403' title='bbox 1264 2508 1405 2540; x_wconf 87' lang='lat' dir='ltr'>miacere</span> <span class='ocrx_word' id='word_1_404' title='bbox 1422 2508 1479 2540; x_wconf 83' lang='lat' dir='ltr'>PC</span> <span class='ocrx_word' id='word_1_405' title='bbox 1498 2511 1509 2551; x_wconf 79' lang='grc' dir='ltr'>Η</span> 
     </span>
     <span class='ocr_line' id='line_1_48' title="bbox 98 2549 1508 2595; baseline -0.001 -9"><span class='ocrx_word' id='word_1_406' title='bbox 98 2555 140 2586; x_wconf 83' lang='grc'>23</span> <span class='ocrx_word' id='word_1_407' title='bbox 164 2551 348 2594; x_wconf 86' lang='lat' dir='ltr'>iugurthini</span> <span class='ocrx_word' id='word_1_408' title='bbox 373 2551 437 2583; x_wconf 83' lang='lat' dir='ltr'>del.</span> <span class='ocrx_word' id='word_1_409' title='bbox 462 2550 594 2582; x_wconf 75' lang='lat' dir='ltr'>Lirelcer</span> <span class='ocrx_word' id='word_1_410' title='bbox 616 2549 628 2593; x_wconf 77' lang='grc' dir='ltr'>ΙΙ</span> <span class='ocrx_word' id='word_1_411' title='bbox 655 2552 697 2583; x_wconf 85' lang='lat'>25</span> <span class='ocrx_word' id='word_1_412' title='bbox 721 2560 908 2584; x_wconf 85' lang='lat' dir='ltr'>manserere</span> <span class='ocrx_word' id='word_1_413' title='bbox 926 2552 956 2584; x_wconf 87' lang='lat' dir='ltr'><em>P</em></span> <span class='ocrx_word' id='word_1_414' title='bbox 976 2550 1047 2593; x_wconf 76' lang='grc'>1126</span> <span class='ocrx_word' id='word_1_415' title='bbox 1069 2561 1154 2584; x_wconf 89' lang='lat' dir='ltr'>naue</span> <span class='ocrx_word' id='word_1_416' title='bbox 1170 2552 1228 2585; x_wconf 88' lang='lat' dir='ltr'>PC</span> <span class='ocrx_word' id='word_1_417' title='bbox 1249 2555 1352 2594; x_wconf 79' lang='lat' dir='ltr'>(unus</span> <span class='ocrx_word' id='word_1_418' title='bbox 1377 2554 1508 2595; x_wconf 84' lang='lat' dir='ltr'>gnane),</span> 
     </span>
     <span class='ocr_line' id='line_1_49' title="bbox 99 2595 1514 2641; baseline 0.001 -11"><span class='ocrx_word' id='word_1_419' title='bbox 99 2597 176 2630; x_wconf 82' lang='lat' dir='ltr'>naui</span> <span class='ocrx_word' id='word_1_420' title='bbox 203 2595 315 2639; x_wconf 81' lang='grc'>01128</span> <span class='ocrx_word' id='word_1_421' title='bbox 341 2596 382 2628; x_wconf 84' lang='lat' dir='ltr'>ab</span> <span class='ocrx_word' id='word_1_422' title='bbox 408 2598 466 2636; x_wconf 75' lang='lat' dir='ltr'>(ecc</span> <span class='ocrx_word' id='word_1_423' title='bbox 491 2595 546 2635; x_wconf 78' lang='lat' dir='ltr'>ob)</span> <span class='ocrx_word' id='word_1_424' title='bbox 573 2595 699 2627; x_wconf 88' lang='lat' dir='ltr'>sidonis</span> <span class='ocrx_word' id='word_1_425' title='bbox 722 2595 834 2639; x_wconf 69' lang='grc' dir='ltr'>Ρ1133</span> <span class='ocrx_word' id='word_1_426' title='bbox 861 2596 925 2629; x_wconf 85' lang='lat' dir='ltr'>alia</span> <span class='ocrx_word' id='word_1_427' title='bbox 951 2596 1014 2629; x_wconf 88' lang='lat' dir='ltr'>alia</span> <span class='ocrx_word' id='word_1_428' title='bbox 1040 2607 1068 2637; x_wconf 82' lang='lat' dir='ltr'>z,</span> <span class='ocrx_word' id='word_1_429' title='bbox 1093 2596 1157 2629; x_wconf 86' lang='lat' dir='ltr'>alia</span> <span class='ocrx_word' id='word_1_430' title='bbox 1174 2597 1254 2641; x_wconf 78' lang='grc' dir='ltr'>ΡΟΙΙ</span> <span class='ocrx_word' id='word_1_431' title='bbox 1275 2599 1317 2631; x_wconf 89' lang='grc'>34</span> <span class='ocrx_word' id='word_1_432' title='bbox 1340 2608 1467 2631; x_wconf 89' lang='lat' dir='ltr'>marum</span> <span class='ocrx_word' id='word_1_433' title='bbox 1484 2600 1514 2631; x_wconf 91' lang='lat' dir='ltr'><strong><em>P</em></strong></span> 
     </span>
    </p>
   </div>
   <div class='ocr_carea' id='block_1_9' title="bbox 1194 2654 1242 2686">
    <p class='ocr_par' dir='ltr' id='par_1_10' title="bbox 1194 2654 1242 2686">
     <span class='ocr_line' id='line_1_50' title="bbox 1194 2654 1242 2686; baseline 0 -13"><span class='ocrx_word' id='word_1_434' title='bbox 1194 2654 1242 2686; x_wconf 73' lang='grc'>6*</span> 
     </span>
    </p>
   </div>
  </div>
 </body>
</html>
