1709 2885
47 692 87 725 10

47 971 86 1005 ³5

45 1251 87 1285 20

46 1532 86 1564 25

46 1812 88 1846 30

45 2092 85 2125 35

494 77 548 111 DE
573 76 892 111 CONIURATIONE
917 77 1142 111 CATILINAE
1478 76 1530 114 17

113 192 263 233 parare,
284 180 432 219 bellum
454 192 612 231 gerere,
635 191 815 219 coercere
837 178 1018 218 omnibus
1037 179 1163 218 modis
1184 179 1312 218 socios
1334 185 1449 230 atque
1474 180 1531 218 ci-

111 238 182 285 vis,
203 237 308 276 domi
317 236 552 287 militiaeque
572 236 779 288 imperium
801 242 916 286 atque
937 236 1125 280 iudicium
1146 248 1342 274 summum
1358 235 1528 282 habere;

113 294 224 333 aliter
245 293 330 332 sine
348 292 486 344 populi
502 293 611 331 iussu
627 292 774 331 nullius
791 304 923 331 earum
939 303 1071 330 rerum
1087 292 1239 330 consuli
1256 292 1316 330 ius
1334 298 1402 331 est.
1438 298 1530 343 post
1552 294 1605 330 30

113 361 260 401 paucos
279 349 372 387 5dies
393 349 435 389 L.
458 348 621 388 Saenius
642 355 799 387 senator
819 349 858 387 in
879 354 1015 387 senatu
1047 348 1195 386 litteras
1214 348 1386 387 recitavit
1399 379 1408 397 ,
1433 360 1528 399 quas

113 405 288 445 Faesulis
317 405 458 444 adlatas
486 404 560 443 sibi
589 403 760 451 dicebat,
790 405 830 443 in
861 404 1002 455 quibus
1032 404 1221 455 scriptum
1254 411 1334 442 erat
1357 404 1396 442 C.
1418 404 1528 442 Man—

113 461 209 501 lium
239 473 343 500 arma
375 461 526 512 cepisse
554 472 641 499 cum
670 472 809 510 magna
839 460 1087 499 multitudine
1122 465 1209 499 ante
1245 460 1345 499 diem
1380 459 1428 498 VI
1463 460 1530 498 ka-

112 517 247 557 lendas
267 517 508 556 Novembris.
548 516 675 563 simul,
698 516 734 555 id
759 517 862 567 quod
878 516 918 556 in
933 516 999 555 tali
1015 528 1058 555 re
1073 517 1184 565 solet,
1200 516 1262 555 alii
1277 521 1459 567 portenta
1475 522 1531 554 at·
1553 523 1572 555 2

115 586 192 625 que
214 574 390 625 prodigia
412 573 662 620 nuntiabant,
684 572 746 611 alii
768 579 982 611 conventus
1003 573 1108 619 fieri,
1139 585 1243 611 arma
1266 572 1436 623 portari,
1461 572 1529 611 Ca-

113 642 215 681 puae
235 635 349 680 atque
369 630 409 668 in
432 628 568 680 Apulia
589 629 727 667 servile
746 628 891 667 bellum
908 629 1065 667 moveri.
1100 628 1219 679 igitur
1235 629 1359 667 senati
1375 628 1529 667 decreto
1554 636 1573 667 3

116 686 160 731 Q.
181 685 350 725 Marcius
371 685 452 724 Rex
466 685 646 724 Faesulas
663 684 707 730 Q.
724 684 901 724 Metellus
919 684 1092 724 Creticus
1108 685 1149 723 in
1166 684 1344 735 Apuliam
1362 685 1531 723 circum-

115 755 191 793 que
202 754 244 780 ea
256 741 339 780 loca
350 741 458 779 missi
467 763 523 769 —
534 741 568 779 ei
580 741 737 791 utrique
749 740 796 779 ad
809 740 946 779 urbem
955 742 1209 792 imperatores
1221 747 1344 788 erant,
1356 741 1532 791 impediti
1553 747 1575 779 4

115 811 164 837 116
185 797 471 848 triumpharent
492 797 683 836 calumnia
703 809 941 848 paucorum,
965 797 1106 848 quibus
1136 797 1264 836 omnia
1288 797 1453 836 honesta
1475 804 1531 835 at-

113 866 191 904 que
220 853 426 892 inhonesta
444 854 611 892 vendere
631 865 717 892 mos
746 860 827 893 erat
844 875 916 899 —,
948 854 1015 892 sed
1034 859 1233 905 praetores
1255 853 1299 898 Q.
1321 852 1533 905 Pompeius
1555 861 1574 892 5

113 909 240 949 Rufus
276 908 443 961 Capuam
480 909 524 955 Q.
551 909 727 948 Metellus
760 909 871 949 Celer
903 910 943 948 in
979 922 1113 960 agrum
1149 909 1359 957 Picenum,
1396 910 1532 960 eisque

113 966 368 1017 permissum,
398 965 455 1004 uti
485 978 557 1018 pro
586 972 763 1017 tempore
793 971 907 1016 atque
936 966 1111 1017 periculo
1142 966 1353 1005 exercitum
1375 978 1532 1016 compa-

113 1027 257 1062 rarent.
302 1022 346 1060 ad
369 1022 464 1069 hoc,
486 1022 610 1074 siquis
630 1022 874 1061 indicavisset
896 1022 942 1060 de
964 1022 1246 1069 coniuratione,
1279 1035 1375 1074 quae
1398 1027 1532 1060 contra
1556 1029 1574 1060 6

111 1090 196 1117 rem
216 1077 410 1128 publicam
432 1079 529 1117 facta
551 1085 652 1122 erat,
674 1079 891 1129 praemium
912 1091 1021 1117 56110
1051 1078 1267 1117 libertatem
1298 1084 1335 1117 et
1356 1078 1534 1118 sestertia

114 1140 284 1181 centum,
310 1135 432 1172 libero
453 1135 711 1185 inpunitatem
729 1135 811 1173 eius
826 1134 882 1173 rei
905 1140 941 1173 et
962 1135 1137 1174 sestertia
1158 1135 1338 1178 ducenta,
1361 1135 1534 1185 itemque
1559 1142 1575 1171 ῖ

113 1190 330 1236 decrevere,
353 1191 410 1228 uti
426 1190 670 1240 gladiatoriae
686 1191 851 1230 familiae
869 1190 1037 1242 Capuam
1059 1196 1096 1229 et
1116 1191 1154 1229 in
1173 1196 1299 1229 cetera
1319 1189 1533 1241 municipia

116 1245 443 1284 distribuerentur
472 1258 544 1297 pro
575 1247 764 1297 cuiusque
795 1246 958 1297 opibus,
988 1247 1133 1286 Romae
1162 1260 1235 1298 per
1258 1253 1379 1285 totam
1396 1247 1535 1285 urbem

112 1301 263 1353 vigiliae
282 1302 520 1341 haberentur
541 1302 674 1353 eisque
696 1304 866 1348 minores
887 1304 1134 1353 magistratus
1154 1308 1393 1353 praeessent.

227 1357 377 1404 Quibus
406 1358 524 1397 rebus
554 1366 729 1410 permota
759 1359 889 1397 civitas
916 1365 1031 1409 atque
1062 1359 1251 1398 inmutata
1277 1359 1386 1397 urbis
1410 1358 1529 1397 facies
1557 1362 1605 1398 31

115 1419 208 1452 erat.
252 1426 296 1452 ex
327 1426 475 1453 summa
503 1415 645 1454 laetitia
667 1422 781 1465 atque
803 1415 974 1462 lascivia,
999 1427 1096 1465 quae
1125 1415 1308 1453 diuturna
1331 1414 1442 1465 quies
1463 1427 1533 1465 pe-

113 1476 280 1521 pererat,
303 1477 465 1521 repente
487 1471 614 1510 omnis
628 1471 782 1509 tristitia
799 1472 956 1509 invasit:
980 1471 1161 1509 festinare
1178 1471 1385 1521 trepidare,
1404 1483 1533 1520 neque
1556 1478 1575 1509 2

114 1526 201 1565 loco
230 1538 360 1577 neque
388 1526 538 1565 homini
561 1527 741 1577 cuiquam
763 1527 855 1565 satis
877 1527 1056 1574 credere,
1079 1539 1207 1577 neque
1228 1527 1374 1566 bellum
1399 1538 1535 1577 gerere

114 1594 244 1632 neque
267 1595 401 1633 pacem
421 1582 585 1630 habere,
608 1595 678 1621 suo
701 1583 867 1634 quisque
887 1588 993 1621 metu
1015 1582 1186 1633 pericula
1207 1583 1348 1621 metiri.
1394 1582 1440 1622 ad
1460 1583 1536 1621 1100
1558 1591 1577 1622 3

112 1639 320 1687 mulieres,
351 1638 493 1689 quibus
521 1639 578 1677 rei
607 1639 785 1690 publicae
814 1639 1081 1689 magnitudine
1101 1639 1193 1677 belli
1213 1639 1330 1678 timor
1355 1639 1535 1677 insolitus

114 1694 350 1740 incesserat,
381 1695 565 1734 afflictare
594 1708 700 1743 sese,
730 1708 869 1734 manus
899 1695 1097 1746 supplices
1119 1695 1164 1733 ad
1187 1696 1335 1735 caelum
1358 1695 1533 1741 tendere,

113 1750 291 1790 miserari
310 1763 451 1802 parvos
472 1751 636 1798 liberos,
667 1752 857 1801 rogitare,
880 1751 1008 1789 omnia
1029 1763 1187 1802 pavere,
1216 1751 1398 1803 superbia
1419 1757 1535 1802 atque

115 1806 264 1846 deliciis
286 1807 440 1846 omissis
460 1807 534 1846 sihi
554 1807 779 1858 patriaeque
800 1807 985 1845 diffidere.

226 1863 275 1902 At
305 1863 489 1902 Catilinae
520 1863 687 1902 crudelis
716 1863 868 1902 animus
899 1863 1030 1901 eadem
1059 1862 1123 1901 illa
1150 1863 1346 1911 movebat,
1382 1862 1536 1902 tametsi
1557 1866 1590 1903 4·

112 1918 305 1970 praesidia
333 1918 571 1969 parabantur
597 1925 635 1958 et
654 1919 738 1970 ipse
757 1919 842 1970 lege
862 1918 1011 1958 Plautia
1040 1919 1301 1969 interrogatus
1323 1925 1403 1958 erat
1423 1919 1469 1958 ab
1491 1919 1533 1957 L.

113 1974 248 2012 Paulo.
277 1981 474 2025 postremo
492 1974 759 2014 dissimulandi
777 1988 890 2014 causa
906 1982 971 2014 aut
986 1975 1046 2013 sui
1064 1975 1317 2027 expurgandi,
1335 1975 1435 2014 sicut
1453 1975 1535 2014 iur-
1558 1984 1578 2015 5

117 2031 180 2079 gio
201 2030 404 2069 lacessitus
420 2031 533 2078 foret,
556 2031 596 2070 in
618 2037 796 2070 senatum
811 2032 927 2071 venit.
967 2038 1049 2070 tum
1060 2031 1274 2071 M.Tullius
1286 2032 1438 2080 consul,
1457 2032 1536 2070 sive
1558 2039 1578 2071 6

114 2087 373 2137 praesentiam
397 2087 480 2126 eius
499 2087 641 2127 timens
663 2088 740 2126 sive
761 2088 816 2126 ira
839 2093 1057 2134 conmotus,
1081 2088 1295 2127 orationem
1319 2087 1455 2127 habuit
1474 2088 1537 2126 lu-

115 2142 311 2182 culentam
340 2149 455 2194 atque
484 2143 617 2182 utilem
646 2145 700 2183 rei
731 2144 932 2196 publicae,
954 2156 1069 2195 quam
1089 2150 1225 2196 postea
1248 2144 1433 2196 scriptam
1454 2144 1534 2183 edi-

206 2232 226 2264 2
244 2241 411 2264 summum
431 2242 465 2273 p.
483 2241 580 2264 suum
596 2231 652 2273 Pil
669 2234 687 2265 3
706 2231 829 2265 nullius
846 2231 909 2273 PC,
935 2232 1017 2265 nulli
1038 2231 1064 2264 C
1077 2231 1089 2275 [Ι
1109 2233 1128 2264 5
1146 2233 1329 2266 man*lium
1351 2233 1375 2273 (i
1392 2234 1493 2271 eras.)
1511 2233 1542 2264 P

113 2273 127 2318 ss
150 2277 170 2308 9
196 2276 365 2309 56111116Ρ
380 2277 390 2319 ΙΙ
411 2279 450 2309 10
476 2286 519 2309 m.
546 2277 612 2316 (sie
624 2278 748 2318 Paris„
771 2288 837 2310 om.
863 2277 946 2318 aI.?)
974 2277 1092 2310 tullius
1116 2277 1259 2310 creticus
1282 2277 1425 2320 Nomp.
1443 2277 1510 2310 484
1526 2276 1538 2319 ,1

117 2322 161 2354 14
183 2320 288 2354 ruffus
305 2322 335 2354 P
349 2320 362 2364 Η
382 2324 419 2354 Π
446 2331 548 2364 1611111.
567 2321 656 2354 fecta
680 2333 725 2354 esc
739 2322 962 2365 remperfecta
978 2323 1031 2364 ΡΗ
1050 2321 1228 2355 decreuere
1248 2326 1330 2366 post
1352 2322 1538 2365 praemium

117 2365 197 2398 add.
224 2366 259 2406 C,
284 2376 350 2398 om.
374 2367 431 2399 PC
446 2365 457 2409 {l
475 2370 509 2399 et
533 2367 688 2400 sestertia
713 2367 860 2409 centum]
888 2367 919 2399 «ξε
943 2368 1004 2406 (ἀνι
1029 2368 1106 2407 eff)
1131 2378 1157 2400 5.
1177 2378 1204 2400 c.
1230 2370 1278 2410 (to
1302 2378 1379 2410 sup.
1401 2378 1426 2400 5.
1445 2368 1487 2408 0.)
1511 2367 1543 2398 P

115 2409 130 2454 u
155 2411 195 2443 18
220 2413 255 2442 et
284 2414 364 2444 sest.
383 2411 471 2453 duc]
492 2412 523 2443 S:
539 2421 565 2444 s.
591 2414 642 2444 ter
664 2412 808 2445 ducenta
832 2412 925 2444 milia
941 2413 971 2444 P
986 2411 997 2455 Η
1014 2413 1052 2444 21
1081 2412 1227 2445 minores
1247 2413 1280 2450 C,
1306 2413 1450 2445 maiores
1474 2408 1536 2459 Pl}

117 2457 159 2490 31
187 2454 304 2488 eadem
329 2466 394 2489 om.
412 2458 498 2503 PJAE·
514 2468 540 2488 s.
556 2467 578 2498 p
598 2456 610 2499 ΙΙ
627 2458 668 2489 32
693 2457 843 2500 plauscia
860 2457 912 2499 ΡΙΙ
932 2459 973 2490 33
1000 2460 1057 2489 aut
1076 2456 1110 2496 C,
1134 2462 1174 2490 ut
1189 2458 1225 2493 P,
1250 2463 1287 2491 ut
1312 2463 1345 2490 et
1370 2457 1474 2490 velet
1498 2463 1536 2491 ut

120 2501 148 2535 C
160 2501 173 2544 ΙΙ
192 2500 280 2534 sicut
304 2501 373 2543 (vel
387 2502 498 2541 sicuti)
519 2501 545 2533 C
558 2500 708 2540 fortasse
725 2506 818 2534 recte
836 2501 897 2541 (cf.
914 2501 968 2542 35²,
981 2501 1013 2534 3.
1026 2501 1080 2543 53,
1093 2503 1149 2542 5):
1175 2502 1242 2535 si*t
1259 2505 1293 2543 (n
1311 2503 1425 2542 erasa)
1438 2503 1482 2539 P;
1508 2504 1538 2536 si

117 2547 253 2580 coniecz
270 2547 313 2579 ed
324 2557 394 2589 pr„
412 2547 440 2579 si
458 2546 552 2580 cuius
566 2546 592 2579 I.
606 2546 650 2580 F.
667 2546 874 2589 Gronovius,
889 2547 995 2580 sicubi
1009 2545 1204 2593 Linkerusll
1219 2551 1259 2582 35
1278 2547 1497 2581 luculentiam
1510 2550 1541 2582 P

187 2606 353 2635 Sallustius.
388 2607 440 2634 Ed.
455 2607 489 2634 11.
1256 2606 1274 2637 2
