1709 2885
128 74 151 111 4
626 73 659 108 C.
678 72 884 107 SALLUSTI
908 72 1043 106 CRISPl

129 184 300 217 ratorum
333 177 450 216 animi
473 177 594 216 virtus
615 176 654 216 in
677 189 771 228 pace
793 176 843 215 ita
864 181 908 216 ut
928 176 967 215 in
989 175 1090 215 hello
1111 175 1272 216 valeret.
1299 176 1541 228 aequabilius

129 241 246 285 atque
275 233 517 272 constantius
547 245 631 272 sese
662 245 724 272 res
744 233 937 272 humanae
957 232 1165 279 haberent,
1188 244 1316 283 neque
1342 233 1443 272 aliud
1465 234 1539 272 alio

88 298 105 329 4
131 291 222 329 ferri
254 302 379 340 neque
410 290 550 329 mutari
572 302 616 328 ac
636 289 791 328 misceri
813 289 942 328 omnia
963 301 1159 328 cerneres.
1220 301 1306 327 nam
1333 289 1541 340 imperium

89 354 107 386 5
130 346 240 385 facile
263 346 317 384 eis
338 345 486 385 artibus
507 346 712 397 retinetur,
731 344 874 396 quibus
894 345 1006 384 initio
1028 351 1180 397 partum
1199 351 1268 384 est.
1326 358 1459 385 verum
1474 345 1539 385 ubi

130 414 203 453 pro
225 402 355 441 labore
377 402 540 448 desidia,
563 414 635 453 pro
657 401 897 440 continentia
918 406 956 441 et
974 402 1166 452 aequitate
1187 401 1318 440 lubido
1339 408 1454 454 atque
1475 414 1542 441 su·

88 465 107 496 6
131 459 263 511 perbia
284 459 477 506 invasere,
501 459 655 497 fortuna
678 458 793 496 simul
814 469 901 496 cum
923 458 1097 496 moribus
1118 459 1344 497 inmutatur.
1404 459 1453 498 ita
1469 459 1541 497 im-

130 515 282 567 perium
305 527 460 566 semper
479 514 525 554 ad
548 520 750 566 optumum
773 526 967 565 quemque
987 526 1006 551 a
1028 514 1158 553 minus
1179 514 1282 553 bono
1297 515 1541 554 transfertur.

88 580 105 611 τ
243 570 348 616 Quae
365 571 544 610 homines
560 577 669 609 arant
686 570 865 621 navigant
879 570 1093 618 aedificant⁷
1110 571 1239 610 virtuti
1251 571 1378 610 omnia
1391 578 1541 622 parent.

88 635 107 667 8
131 628 197 666 sed
227 628 336 666 mulli
367 628 549 666 mortales
571 627 688 666 dediti
709 626 832 666 ventri
854 632 968 677 atque
989 638 1127 665 somno
1161 627 1304 666 indocti
1328 626 1542 679 incultique

130 684 241 722 vitam
264 684 376 722 sicuti
400 683 695 735 peregrinantes
715 683 923 722 transiere:
956 683 1099 733 quibus
1120 684 1296 734 profecto
1317 688 1451 722 contra
1472 695 1541 722 na-

129 748 256 779 turam
279 753 424 791 corpus
440 740 640 791 voluptati,
657 739 782 779 anima
800 739 909 778 oneri
926 739 1011 778 fuit.
1060 751 1194 778 eorum
1219 752 1290 790 ego
1307 740 1420 778 vitam
1438 751 1542 778 mor-

88 804 107 835 9
130 801 286 848 temque
302 797 404 835 iuxta
422 803 610 843 aestuum,
628 795 812 847 quoniam
829 796 876 835 de
893 801 1057 846 utraque
1078 795 1225 834 siletur.
1266 808 1397 834 verum
1418 796 1542 834 enim-

129 865 219 891 vero
251 853 283 891 is
314 853 468 892 demum
490 852 583 891 mihi
605 853 730 891 vivere
752 858 867 902 atque
887 852 962 890 frui
984 852 1112 891 anima
1132 852 1300 892 videtur.
1320 852 1386 904 qui
1413 852 1542 903 aliquo

129 909 288 959 negotio
311 909 486 948 intentus
507 909 695 961 praeclari
716 909 900 947 facinoris
921 914 987 947 aut
1007 908 1100 947 artis
1120 907 1244 948 bonae
1267 909 1406 948 samam
1424 920 1543 960 quae-

130 966 191 1005 rit.
251 966 318 1004 sed
349 965 389 1004 in
417 977 556 1016 magna
587 965 699 1016 copia
730 977 861 1004 rorum
890 964 992 1004 aliud
1024 965 1086 1003 alii
1113 971 1245 1004 natura
1268 965 1340 1004 iter
1360 964 1541 1004 ostendit.

82 1024 106 1060 3
130 1022 339 1073 pulchrum
379 1029 438 1061 est
476 1022 576 1061 bene
614 1022 741 1061 facere
781 1021 837 1060 rei
877 1021 1075 1072 publicae,
1117 1021 1228 1060 etiam
1276 1021 1375 1060 bene
1415 1021 1543 1060 dicere

130 1078 233 1117 haud
253 1078 465 1118 absurdum
487 1084 565 1118 est:
589 1078 647 1117 vel
667 1090 761 1130 pace
782 1077 842 1117 vel
862 1077 963 1116 bello
985 1078 1130 1117 clarum
1154 1078 1235 1115 sieri
1256 1078 1358 1116 licet.
1419 1083 1456 1117 et
1476 1077 1542 1128 qui

86 1141 107 1173 2
130 1134 258 1174 fecere
279 1141 317 1174 et
339 1135 405 1186 qui
426 1135 524 1174 sacta
544 1135 709 1174 aliorum
731 1135 937 1185 scripsere,
967 1134 1078 1172 multi
1108 1133 1326 1172 laudantur.
1385 1146 1429 1172 ac
1449 1132 1544 1172 mihi

131 1191 309 1242 quidem,
361 1192 512 1231 tametsi
558 1191 661 1230 haud
703 1203 895 1242 quaquam
931 1202 1002 1240 par
1040 1189 1159 1239 gloria
1203 1189 1381 1240 sequitur
1419 1189 1544 1240 scrip-

129 1253 255 1286 torem
287 1253 325 1286 et
354 1254 551 1286 auctorem
584 1260 713 1286 rerum
727 1278 736 1294 ‚
758 1254 886 1285 tamen
909 1246 948 1284 in
970 1245 1106 1297 primis
1127 1245 1290 1284 arduum
1311 1245 1463 1285 videtur
1483 1258 1545 1285 res

130 1310 254 1354 gestas
285 1303 476 1351 scribere;
498 1303 667 1355 primum
690 1304 793 1354 quod
816 1303 911 1341 facta
934 1302 1046 1341 dictis
1067 1302 1312 1353 exaequanda
1343 1308 1455 1350 sunt,
1478 1301 1544 1342 de-

129 1360 222 1399 hinc
253 1359 342 1411 quia
372 1359 551 1411 plerique
581 1372 679 1411 quae
709 1359 846 1399 delicta
878 1358 1199 1410 reprehenderis,
1231 1357 1487 1398 malivolentia
1508 1364 1546 1397 et

129 1415 272 1455 invidia
293 1416 392 1455 dicta
415 1422 572 1467 putant;
596 1416 663 1455 ubi
684 1416 730 1455 de
752 1427 889 1466 magna
911 1415 1051 1454 virtute
1072 1422 1187 1466 atque
1209 1414 1329 1465 gloria
1350 1414 1545 1454 bonorum

129 1484 336 1518 memores,
359 1484 457 1523 quae
478 1472 551 1511 sibi
568 1473 735 1523 quisque
756 1471 879 1511 facilia
903 1472 1005 1510 sactu
1028 1477 1158 1522 putat,
1182 1483 1307 1522 aequo
1327 1471 1455 1510 animo
1482 1483 1545 1510 ac·

132 1527 248 1580 cipit,
270 1540 389 1580 supra
411 1540 454 1567 ea
474 1528 591 1567 veluti
612 1528 700 1568 ficta
720 1540 792 1579 pro
816 1527 920 1567 salsis
942 1527 1058 1567 ducit.

89 1591 108 1623 3
245 1585 321 1623 Sed
343 1597 414 1635 ego
436 1584 754 1624 adulescentulus
776 1584 885 1623 initio
908 1583 1022 1622 sicuti
1045 1583 1221 1635 plerique
1251 1583 1378 1623 studio
1400 1583 1446 1622 ad
1469 1595 1548 1622 rem

131 1640 325 1692 publicam
348 1641 448 1680 latus
471 1654 571 1690 sum,
594 1641 726 1692 ibique
746 1640 840 1679 mihi
863 1640 982 1679 multa
1003 1640 1163 1680 advorsa
1186 1640 1307 1680 suere.
1369 1652 1456 1679 nam
1478 1651 1550 1691 pro

131 1697 295 1748 pudore,
318 1710 390 1749 pro
412 1697 659 1744 abstinentia,
682 1710 754 1749 pro
776 1697 917 1735 virtute
939 1696 1108 1743 audacia,
1131 1697 1297 1748 largitio,
1322 1696 1477 1735 avaritia
1497 1696 1550 1734 vi-

89 1761 108 1792 4
133 1753 285 1804 gebant.
346 1765 444 1804 quae
473 1755 623 1793 tametsi
655 1754 808 1793 animus
844 1751 1124 1804 aspernabatur
1158 1752 1330 1792 insolens
1363 1752 1549 1792 malarum

131 1809 286 1858 artium,
306 1815 433 1849 tamen
450 1810 555 1850 inter
574 1816 679 1850 tanta
700 1809 787 1848 vitia
805 1808 993 1848 imbecilla
1011 1814 1115 1848 aetas
1132 1809 1342 1848 ambitione
1358 1813 1550 1860 conrupta

89 1874 107 1905 5
132 1866 358 1906 tenebatur:
381 1879 425 1906 ac
445 1878 507 1906 me
527 1879 616 1906 cum
638 1866 684 1905 al»
707 1866 948 1916 reliquorum
969 1864 1079 1904 malis
1094 1865 1269 1904 moribus
1291 1864 1552 1911 dissentirem,

133 1922 254 1961 nihilo
277 1923 407 1961 minus
430 1923 593 1962 honoris
615 1922 757 1973 cupido
780 1922 911 1961 eadem
934 1934 1009 1972 qua
1031 1928 1183 1961 ceteros
1204 1922 1302 1960 sama
1323 1926 1438 1972 atque
1454 1920 1553 1960 invi-

81 1982 107 2018 4
133 1978 190 2018 dia
213 1979 382 2018 vexabat.
425 1979 543 2029 igitur
564 1979 629 2018 ubi
651 1978 803 2017 animus
826 1990 872 2017 ex
893 1978 1025 2017 multis
1040 1978 1208 2017 miseriis
1229 1983 1346 2029 atque
1366 1976 1552 2028 periculis

132 2035 321 2086 requievit
338 2041 376 2075 ct
396 2035 491 2074 mihi
513 2036 703 2086 reliquam
724 2040 885 2074 aetatem
908 2048 926 2073 a
946 2047 987 2073 re
1008 2034 1162 2086 publica
1183 2032 1319 2085 procul
1336 2032 1551 2072 habendam

132 2092 304 2140 decrevi,
328 2104 409 2130 non
432 2092 506 2131 fuit
527 2091 736 2131 consilium
758 2091 934 2130 socordia
956 2095 1072 2141 atque
1094 2090 1238 2130 desidia
1259 2089 1406 2129 bonum
1429 2089 1550 2128 otium

223 2193 238 2224 1
265 2191 475 2234 aequabilius
486 2202 520 2234 p,
546 2191 721 2234 aequalius
734 2191 787 2227 ΡΗ
807 2191 825 2223 2
840 2189 932 2222 aliud
956 2199 1022 2221 om.
1037 2190 1186 2232 I’,s.s.p
1203 2188 1215 2233 ΙΙ
1235 2190 1253 2222 4
1279 2188 1401 2232 quibus
1418 2191 1551 2231 partum

131 2240 183 2269 est
207 2239 289 2277 (om.
313 2237 422 2278 initio)
445 2247 552 2279 super
575 2237 737 2269 retinetur
753 2234 810 2278 ΡΙΙ
826 2234 1025 2269 &homines
1052 2235 1086 2276 G,
1111 2244 1227 2267 omnes
1252 2232 1331 2276 Pcu
1351 2236 1370 2266 9
1392 2233 1501 2266 neutri
1515 2244 1551 2276 p,

130 2286 248 2314 uentre
271 2281 327 2333 1²st
344 2282 530 2325 incultique
554 2282 617 2323 PC,
644 2285 744 2324 atque
769 2279 886 2312 inculti
912 2279 940 2312 C
956 2286 966 2319 il
988 2282 1025 2312 10
1052 2280 1210 2313 transiere
1236 2279 1271 2320 C,
1299 2280 1407 2325 Prisc.
1433 2277 1498 2311 vol.
1517 2278 1557 2313 H

129 2338 164 2368 p.
188 2327 265 2360 4:2¹3.
290 2326 382 2359 Aion.
404 2338 438 2369 p.
458 2327 534 2368 419,
559 2331 752 2369 transegere
775 2325 839 2366 PC,
863 2325 954 2357 Don.
979 2326 1018 2356 ¹in
1046 2324 1121 2357 Ter.
1147 2325 1285 2357 Phor-m.
1309 2324 1386 2364 605,
1409 2324 1554 2356 Servius

132 2374 169 2403 z'n
187 2372 295 2414 l'erg.
313 2372 351 2405 G.
370 2373 400 2413 I,
416 2372 438 2405 3
454 2370 466 2415 ΙΙ
488 2374 527 2404 12
553 2372 725 2405 enimuero
750 2381 795 2403 ew
819 2369 1027 2403 enimuerum
1044 2368 1100 2412 Pu·
1120 2371 1158 2403 19
1176 2369 1328 2412 sequitur
1343 2368 1407 2409 PC,
1433 2378 1554 2411 sequa-

135 2421 186 2450 tur
205 2416 255 2459 (ΙΙΙ
275 2419 318 2450 20
343 2420 514 2450 auctorem
532 2417 595 2457 PC,
621 2417 755 2449 Charis.
771 2426 804 2458 p.
823 2414 899 2449 215.
927 2414 1011 2447 Gell.
1029 2414 1060 2455 4,
1079 2416 1142 2448 15:
1166 2416 1312 2448 actorem
1332 2414 1359 2445 C
1370 2412 1382 2455 ΙΙ
1402 2415 1440 2446 31
1462 2414 1504 2446 ab
1526 2424 1550 2456 p

133 2472 150 2495 a
176 2463 205 2493 Ρ
219 2461 231 2504 ll
247 2462 447 2495 relicuorum
471 2473 517 2494 εει
541 2461 680 2504 reliquis
704 2463 739 2499 Ι),
764 2459 969 2503 reliquorum
989 2460 1023 2501 (J,
1050 2459 1217 2492 Claudius
1235 2458 1408 2491 Sacerdos
1421 2469 1455 2500 p.
1474 2458 1552 2500 444,

133 2506 270 2548 reliquis
296 2507 323 2539 C
345 2510 392 2549 (?)
417 2518 437 2539 z
461 2505 474 2551 Ι]
501 2508 542 2541 32
575 2506 692 2540 eadem
724 2515 789 2550 qua
816 2505 859 2547 0,
891 2504 1007 2538 eadem
1033 2514 1119 2547 quae
1143 2503 1216 2537 PG:
1247 2503 1432 2546 eademque
1465 2512 1551 2547 quae

134 2552 160 2583 G
164 2552 237 2583 erla
241 2554 280 2584 cli
287 2554 340 2584 ins

1575 692 1610 725 10

1575 972 1612 1005 15

1574 1252 1614 1285 20

1579 1533 1619 1566 25

1580 1814 1620 1847 30

1580 2094 1620 2128 35
