1709 2885
179 111 233 151 98
685 115 718 148 C.
739 113 941 148 SALLUSTl
967 114 1100 148 CRISPl

107 246 118 259 .
181 229 271 258 cum
292 224 417 257 turma
439 229 519 265 sua,
542 229 657 268 quam
679 229 724 257 ex
745 217 981 257 fortissumis
1000 219 1121 269 magis
1142 230 1257 269 quam
1275 219 1594 260 familiarissumis

181 280 398 327 paraverat,
428 274 554 325 vagari
584 274 726 325 passim
755 285 799 313 ac
819 273 934 313 modo
964 274 1229 314 laborantibus
1249 275 1330 314 suis
1351 287 1593 323 succurrere,

182 331 296 370 modo
317 331 453 378 hostis,
475 329 540 369 ubi
565 330 852 369 confertissumi
875 329 1115 378 obstiterant,
1138 331 1337 379 invadere3
1359 343 1476 371 manu
1498 344 1592 372 con-

181 387 310 426 sulere
330 386 530 433 militibus,
554 386 736 438 quoniam
759 387 950 438 imperare
972 386 1212 426 conturbatis
1228 387 1409 427 omnibus
1426 400 1504 428 non
1522 401 1592 440 po-

139 449 158 482 2
182 450 292 483 terat.
314 443 466 495 iamque
490 442 572 482 dies
593 449 850 494 consumptus
872 449 963 490 erat,
986 455 1073 483 cum
1096 449 1222 482 tamen
1243 443 1394 483 barbari
1417 444 1514 483 nihil
1530 456 1590 484 re-

182 500 334 540 mittere
354 505 482 551 atque,
503 499 559 538 uti
581 510 693 549 reges
713 505 1002 551 praeceperant,
1026 505 1179 539 noctem
1200 511 1271 551 pro
1293 512 1334 539 se
1356 500 1439 548 rati,
1467 501 1595 540 acrius

138 563 157 595 3
180 557 336 596 instare.
376 562 458 595 tum
479 555 623 594 Marius
645 567 689 594 ex
711 555 821 607 copia
843 567 972 595 rerum
994 556 1202 595 consilium
1227 556 1362 605 trabit,
1394 563 1508 608 atque
1539 557 1594 596 uti

181 614 262 653 suis
283 612 458 664 receptui
474 611 583 650 locus
599 617 712 659 esset,
731 611 840 651 collis
857 612 954 651 duos
974 612 1220 664 propinquos
1240 612 1342 652 inter
1358 625 1400 652 se
1416 620 1594 664 occupat,

181 680 348 720 quorum
370 669 409 707 in
432 680 512 708 uno
534 668 668 707 castris
688 679 824 719 parum
845 668 972 720 amplo
995 669 1082 708 fons
1103 681 1223 720 aquae
1244 680 1407 720 magnus
1429 675 1522 717 erat,
1539 668 1594 707 al-

181 732 240 765 ter
260 724 349 764 usui
372 730 633 776 opportunus,
656 724 745 775 quia
766 736 901 776 magna
923 732 1032 776 parte
1053 725 1178 764 editus
1200 732 1238 765 et
1258 737 1444 776 praeceps
1473 736 1596 777 pauca

139 788 159 821 4
182 782 423 821 munimenta
445 780 665 832 quaerebat.
707 786 877 820 ceterum
899 781 1001 832 apud
1032 793 1169 832 aquam
1191 780 1337 821 Sullam
1368 793 1455 821 cum
1486 781 1595 833 equi-

180 838 285 878 tibus
306 842 460 878 noctem
483 837 626 888 agitare
647 837 766 885 iubet,
788 838 871 889 ipse
892 837 1072 889 paulatim
1094 837 1292 889 dispersos
1312 836 1453 877 milites
1469 849 1598 889 neque

159 914 162 919 ·
181 894 312 934 minus
332 893 510 933 hostibus
531 893 771 933 conturbatis
791 893 830 932 in
850 906 973 933 unum
995 894 1200 941 contrahit,
1223 894 1310 933 dein
1335 899 1498 933 cunctos
1513 894 1596 945 ple·

139 957 158 989 5
182 963 233 990 no
264 950 383 1002 gradu
413 950 452 989 in
483 949 619 990 collem
652 949 845 989 subducit.
887 951 937 990 ita
973 962 1083 1001 reges
1113 950 1187 989 loci
1217 950 1441 990 difficultate
1475 949 1596 989 coacti

181 1007 331 1060 proelio
359 1007 616 1054 deterrentur,
639 1018 766 1057 neque
787 1012 914 1045 tamen
937 1018 1029 1045 suos
1050 1006 1206 1058 longius
1227 1006 1332 1045 abire
1353 1006 1508 1054 sinunt,
1529 1005 1596 1045 sed

138 1068 158 1102 6
180 1069 350 1115 utroque
370 1062 468 1102 colle
488 1063 736 1102 multitudine
752 1062 989 1102 circumdato
1015 1062 1125 1101 effusi
1142 1063 1366 1101 consedere.
1407 1062 1495 1102 dein
1513 1074 1598 1101 cre-

181 1121 262 1160 bris
283 1119 440 1171 ignibus
460 1119 570 1158 factis
591 1119 822 1170 plerumque
845 1119 970 1158 noctis
991 1118 1142 1157 barbari
1163 1130 1271 1157 more
1291 1130 1363 1157 suo
1384 1118 1517 1157 laetari
1534 1130 1599 1157 ex-

181 1177 318 1224 ultare,
338 1182 513 1227 strepere
534 1175 693 1215 vocibus
715 1180 753 1214 et
774 1175 848 1226 ipsi
872 1175 989 1213 duces
1011 1175 1173 1222 feroces,
1195 1174 1284 1225 quia
1306 1186 1385 1213 non
1406 1175 1598 1225 fugerant,

141 1237 158 1268 7
181 1245 253 1286 pro
275 1231 485 1271 victoribus
505 1244 630 1283 agere.
672 1231 738 1270 sed
761 1244 803 1270 ea
826 1237 964 1270 cuncta
985 1230 1170 1270 Romanis
1191 1243 1235 1270 ex
1255 1230 1427 1270 tenebris
1453 1237 1490 1270 et
1518 1229 1600 1270 edi-

107 1289 158 1326 99
181 1289 347 1329 tioribus
362 1288 459 1327 locis
476 1288 600 1327 facilia
617 1288 699 1327 visu
717 1299 939 1339 magnoque
955 1287 1200 1327 hortamento
1221 1293 1342 1326 erant.
1373 1287 1599 1349 plurumum

180 1358 270 1384 vero
292 1345 437 1384 Marius
461 1344 641 1396 inperitia
662 1344 832 1383 hostium
854 1344 1125 1392 confirmatus,
1152 1355 1266 1395 quam
1297 1355 1519 1382 maxumum
1548 1343 1600 1382 si-

182 1402 344 1441 lentium
366 1400 499 1440 haberi
516 1400 648 1446 iubet,
672 1413 721 1439 ne
742 1401 850 1450 signa
873 1400 1050 1451 quidem
1075 1400 1128 1439 uti
1150 1412 1221 1451 per
1241 1399 1388 1450 vigilias
1413 1398 1601 1444 solebant

183 1470 334 1498 canere.
375 1457 514 1496 deinde
531 1456 595 1496 ubi
613 1457 679 1496 lux
695 1456 932 1503 adventabat,
951 1456 1136 1495 defessis'
1128 1468 1202 1495 iam
1228 1455 1406 1495 hostibus
1427 1467 1471 1495 ac
1487 1454 1602 1507 paulo

183 1521 273 1554 ante
293 1525 431 1553 somno
453 1513 596 1564 captis,
619 1513 694 1552 de
685 1513 883 1564 inproviso
905 1512 1058 1563 vigiles,
1086 1513 1178 1551 item
1208 1512 1427 1551 cohortium
1456 1518 1603 1551 turma-

183 1583 271 1610 rum
285 1570 484 1621 legionum
506 1569 699 1608 tubicines
720 1569 834 1607 simul
856 1569 982 1607 omnis
1004 1569 1112 1619 signa
1135 1581 1286 1617 canere,
1302 1567 1444 1607 milites
1460 1568 1603 1608 clamo-

140 1631 160 1664 2
184 1639 267 1666 rem
297 1626 434 1666 tollere
462 1632 578 1676 atque
608 1625 730 1676 portis
760 1636 965 1676 erumpere
1002 1624 1118 1664 iubet.
1159 1624 1281 1664 Mauri
1304 1631 1419 1675 atque
1440 1624 1603 1670 Gaetuli,

186 1684 320 1734 ignoto
338 1689 375 1722 et
390 1681 567 1720 horribili
585 1681 714 1721 sonitu
733 1688 894 1732 repente
911 1681 1037 1727 exciti,
1056 1693 1184 1732 neque
1200 1681 1336 1731 fugere
1353 1693 1481 1732 neque
1502 1692 1606 1720 arma

142 1744 162 1777 3
186 1751 327 1792 capere
342 1750 469 1789 neque
486 1738 645 1776 omnino
663 1737 789 1776 facere
806 1743 872 1776 aut
888 1737 1092 1788 providere
1109 1738 1316 1789 quicquam
1332 1743 1532 1788 poterant:
1556 1736 1606 1776 ita

186 1802 352 1835 cunctos
374 1795 540 1845 strepitu
562 1795 751 1838 clamore,
774 1793 882 1833 nullo
904 1792 1180 1841 subveniente,
1202 1793 1346 1832 nostris
1371 1793 1607 1833 instantibus

184 1851 354 1891 tumultu
376 1850 585 1889 formidine
608 1857 734 1889 terror
749 1850 857 1901 quasi
874 1849 1049 1889 vecordia
1067 1856 1234 1900 ceperat.
1276 1849 1445 1900 denique
1470 1861 1607 1888 omnes

187 1908 263 1947 fusi
291 1907 513 1958 fugatique,
544 1919 648 1945 arma
680 1913 717 1946 et
746 1906 855 1958 signa
885 1905 1063 1945 militaria
1085 1905 1271 1957 pleraque
1302 1912 1432 1957 capta,
1454 1905 1606 1957 plures-

189 1977 265 2016 que
299 1976 344 2003 eo
381 1963 530 2015 proelio
568 1975 682 2014 quam
723 1962 903 2002 omnibus
940 1962 1211 2014 superioribus
1241 1962 1477 2013 interempti.
1518 1973 1607 2001 nam

188 2032 325 2060 somno
348 2027 386 2059 et
405 2025 510 2058 metu
533 2019 689 2058 insolito
712 2019 883 2071 inpedita
905 2020 1006 2069 fuga.

87 2079 164 2116 100
300 2076 398 2115 Dein
414 2075 572 2123 Marius,
589 2075 644 2114 uti
662 2077 689 2124 -ἱ-
706 2081 888 2127 coeperat
903 2075 941 2114 in
959 2074 1121 2114 hiberna
1137 2103 1148 2115 .
1164 2104 1173 2113 .
1193 2104 1201 2113 .
1221 2103 1228 2112 .
1248 2081 1412 2126 propter
1428 2086 1608 2114 conmea-

264 2187 283 2219 3
297 2185 494 2218 abstiterant
509 2184 562 2228 ΡΗ
587 2187 623 2218 10
640 2186 726 2218 uisui
742 2197 786 2217 [κι-
804 2197 841 2217 u.
837 2186 876 2217 ·ui
890 2187 920 2218 P
935 2185 946 2228 ΙΙ
962 2185 1051 2218 edita
1066 2186 1095 2218 P
1109 2184 1120 2227 ΙΙ
1141 2188 1175 2218 11
1198 2185 1414 2228 quaerebat¹⁷
1397 2206 1427 2225 a,
1445 2184 1606 2237 gerebant

188 2231 251 2265 PC.
276 2231 414 2273 gerebat
430 2231 484 2262 vel
498 2230 637 2272 regebat
656 2229 706 2273 011
730 2233 767 2264 13
786 2231 1004 2264 conturbatos
1022 2231 1052 2263 P
1066 2230 1078 2273 Η
1100 2232 1136 2263 18
1156 2230 1309 2272 fugerant
1334 2239 1425 2262 corr.
1443 2231 1479 2260 in
1500 2229 1533 2264 C
1559 2229 1610 2262 su·

190 2286 267 2319 gere
285 2280 341 2308 aut
360 2276 416 2309 PC
431 2275 442 2319 ll
460 2277 502 2308 22
527 2275 640 2308 haberi
659 2287 703 2307 αι·
719 2275 841 2308 haber(-
860 2276 912 2317 ΡΙΙ
932 2277 973 2309 23
999 2286 1036 2308 ac
1054 2275 1117 2311 PC
1135 2279 1169 2308 et
1191 2275 1217 2308 G
1233 2274 1245 2319 ΙΙ
1262 2276 1303 2308 24
1320 2274 1441 2317 uigiles
1460 2274 1609 2315 Cor-tius,

188 2320 366 2363 uectigalis
378 2320 458 2363 PCss
478 2322 519 2354 26
538 2324 638 2363 atque
654 2321 687 2354 C.
700 2325 757 2353 aut
770 2321 826 2353 PC
839 2322 849 2362 ΙΙ
870 2320 961 2353 iubet
975 2331 1040 2353 om
1055 2331 1074 2351 z
1091 2320 1102 2363 ΙΙ
1123 2322 1165 2353 30
1179 2319 1353 2353 formidine
1368 2323 1472 2352 terror
1484 2321 1611 2362 scripsi

190 2367 256 2405 (ita
270 2369 351 2398 ante
363 2376 454 2398 corr.
468 2376 560 2397 unus
577 2377 621 2397 εα-
639 2366 673 2406 C,
687 2365 732 2403 εἶ’.
747 2366 800 2399 41.
814 2366 862 2398 10.
880 2366 934 2406 53,
946 2366 974 2398 7.
991 2365 1043 2406 72,
1057 2365 1117 2406 2).
1135 2364 1309 2398 formidine
1328 2369 1452 2396 terrore
1467 2364 1530 2401 PC,
1545 2368 1610 2397 ter-

190 2421 262 2444 rore
278 2410 453 2443 formidine
472 2410 627 2451 (formido
641 2413 744 2452 unus)
761 2411 794 2451 C,
816 2415 940 2443 terrore
958 2410 1021 2443 del.
1039 2411 1177 2442 Dietseli
1198 2410 1209 2452 11
1226 2412 1359 2452 ceperat
1376 2409 1409 2448 C,
1433 2413 1610 2451 acceperat

191 2456 247 2488 PF
262 2455 274 2499 ΙΙ
292 2457 333 2489 34
352 2456 398 2488 uti
417 2460 573 2499 coeperat
592 2456 624 2488 in
643 2455 780 2488 hiberna
798 2460 934 2498 propter
950 2460 1173 2488 commeatum
1193 2455 1226 2496 G,
1244 2454 1306 2487 uti:
1326 2462 1363 2489 (ε.
1384 2464 1432 2486 s..·
1448 2458 1584 2496 ceperat
1601 2480 1608 2487 .

189 2501 354 2544 hyberna)
379 2505 515 2543 propter
539 2500 724 2534 comeatum
751 2502 785 2538 P,
810 2501 857 2532 uti
883 2506 1039 2543 coeperat
1064 2501 1097 2532 in
1122 2500 1263 2532 hiberna·
1283 2499 1309 2531 it
1334 2499 1431 2537 (uit
1455 2509 1547 2530 unus
1565 2509 1610 2531 ea:

193 2546 227 2579 C.
250 2545 473 2588 proficiscitur
493 2557 510 2577 z
529 2546 650 2581 detor.)
666 2550 803 2588 propter
823 2550 1044 2578 commeatum
1065 2546 1107 2578 Cz
1126 2546 1179 2582 (in
1197 2545 1320 2587 qnibys
1338 2546 1503 2587 optimus)
1514 2556 1526 2574 .·
1551 2554 1611 2576 ex-

192 2591 315 2623 cidisse
347 2591 454 2633 pergit
488 2591 542 2623 vel
562 2593 639 2623 sim.
664 2593 753 2624 coni.
780 2590 939 2631 Dietsch5
980 2594 1135 2633 coeperat
1160 2590 1192 2622 in
1218 2589 1355 2622 hiberna
1381 2590 1465 2621 milzz
1494 2588 1612 2621 viden-
