1709 2885
494 106 549 140 DE
575 105 893 141 CONIURATIONE
918 107 1144 142 CATILINAE
1475 106 1526 145 19

109 213 285 260 permota
332 215 398 248 aut
444 208 624 260 superbia
663 210 958 261 magistratuum
997 215 1141 249 armata
1181 223 1200 249 a
1249 210 1423 261 patribus
1463 224 1524 251 se-

111 265 237 303 cessit.
291 271 328 303 at
358 277 430 304 nos
460 278 540 305 non
571 265 778 317 imperium
809 279 937 318 neque
967 266 1116 305 divitias
1145 267 1326 318 petimus,
1357 279 1522 318 quarum
1544 278 1563 308 4

109 332 242 360 rerum
272 333 386 360 causa
415 321 515 361 bella
544 327 658 373 atque
687 323 894 362 certamina
925 323 1054 361 omnia
1082 322 1186 361 inter
1213 323 1386 362 mortalis
1417 330 1521 369 suut,

111 377 178 416 sed
205 376 436 426 libertatem,
458 390 571 429 quam
593 390 707 417 nemo
729 379 856 418 bonus
878 378 955 419 nisi
975 391 1063 417 cum
1085 379 1211 417 anima
1233 379 1347 418 simul
1371 380 1521 419 amittit.

59 439 78 471 5
107 439 144 472 te
173 441 288 485 atque
319 441 494 473 senatum
525 434 781 481 obtestamur,
813 435 1024 474 consulatis
1052 435 1205 474 miseris
1237 435 1404 483 civibus,
1426 436 1522 486 legis
1544 446 1562 477 5

107 489 356 540 praesidium,
379 491 482 542 quod
503 490 686 541 iniquitas
707 492 897 542 praetoris
918 491 1074 542 eripuit,
1096 492 1306 530 restituatis
1331 504 1425 530 neve
1447 505 1519 530 no-

105 545 164 585 bis
185 559 269 585 eam
289 547 614 586 necessitudinem
636 547 845 598 inponatis,
867 554 909 586 ut
938 559 1180 598 quaeramus,
1214 560 1381 598 quonam
1405 549 1518 586 modo

104 614 283 641 maxume
304 603 375 641 ulti
396 603 625 653 sanguinem
648 610 824 642 nostrum
845 601 1077 654 pereamus'.
1111 604 1156 642 ad
1178 605 1272 643 haec
1289 604 1333 649 Q.
1352 604 1518 643 Marcius
1541 609 1592 645 34

105 659 329 709 respondit,
360 659 489 710 siquid
518 659 564 698 ab
596 666 730 698 senatu
761 665 894 710 petere
915 660 1076 707 vellent,
1099 659 1144 698 ab
1167 660 1283 698 armis
1307 661 1517 705 discedant,

39 719 76 752 10
104 713 266 754 Romam
294 715 492 767 supplices
517 715 833 766 proficiscantur:
865 728 907 755 ea
936 716 1233 756 mansuetudine
1263 723 1377 767 atque
1402 717 1519 756 mise-

102 771 270 810 ricordia
289 778 466 810 senatum
486 771 622 822 populi
643 771 806 810 Romani
823 785 978 823 semper
992 773 1127 821 fuisse,
1144 778 1187 812 ut
1202 784 1315 811 nemo
1335 785 1520 824 umquam

102 827 148 866 ab
170 840 215 866 eo
235 827 378 866 frustra
399 827 584 867 auxilium
604 828 794 879 petiverit.

213 885 262 923 At
283 882 442 923 Catilina
464 896 509 923 ex
533 884 673 923 itinere
703 884 901 936 plerisque
922 884 1207 932 consularibus,
1226 890 1424 935 praeterea
1446 897 1517 936 op·
1541 894 1559 926 2

101 944 208 978 tumo
238 941 379 991 cuique
408 941 552 980 litteras
581 941 719 988 mittit,
750 954 791 980 se
810 941 917 980 falsis
940 941 1168 980 criminibus
1195 941 1515 988 circumventum,

35 999 73 1033 15
100 995 284 1047 quoniam
298 997 458 1035 factioni
474 997 724 1036 inimicorum
739 998 921 1037 resistere
934 997 1163 1048 nequiverit,
1173 997 1353 1036 fortunae
1366 998 1516 1045 cedere,

99 1052 313 1091 Massaliam
334 1053 373 1092 in
397 1053 553 1092 exilium
577 1054 792 1105 proficisci,
822 1066 902 1092 non
933 1066 1010 1104 quo
1033 1053 1106 1092 sibi
1126 1054 1223 1092 tanti
1243 1053 1400 1092 sceleris
1422 1066 1517 1093 con-

98 1108 202 1148 scius
224 1117 337 1157 esset,
359 1109 426 1149 sed
446 1110 503 1148 uti
523 1122 586 1149 res
606 1110 761 1161 publica
783 1110 911 1161 quieta
932 1111 1032 1149 foret
1052 1122 1149 1148 neve
1171 1122 1215 1148 ex
1237 1122 1304 1148 sua
1323 1110 1516 1149 contenti-

99 1176 174 1203 one
194 1165 331 1204 seditio
353 1172 542 1205 oreretur.
582 1167 628 1206 ab
650 1167 711 1206 his
731 1167 848 1217 longe
868 1167 1039 1205 divorsas
1060 1166 1207 1205 litteras
1228 1166 1272 1212 Q.
1296 1166 1453 1205 Catulus
1475 1167 1515 1206 in
1539 1177 1557 1208 3

98 1227 235 1259 senatu
256 1222 438 1264 recitavit,
463 1235 557 1273 quas
579 1223 651 1261 sibi
676 1224 834 1262 nomine
851 1223 1035 1262 Catilinae
1059 1223 1226 1262 redditas
1250 1223 1411 1261 dicebat,
1453 1235 1516 1261 ea-

29 1280 70 1314 20
97 1289 185 1315 rum
206 1278 426 1328 exemplum
447 1279 546 1317 infra
567 1280 756 1330 scriptum
778 1285 846 1318 est.
882 1276 943 1318 ‘L.
961 1278 1119 1318 Catilina
1138 1279 1182 1324 Q.
1202 1278 1346 1317 Catulo.
1384 1291 1515 1329 ergre-
1538 1284 1587 1320 35

96 1333 154 1382 gia
185 1339 248 1372 tua
275 1334 370 1373 fides
390 1347 434 1373 re
454 1327 629 1384 cognita,
652 1342 758 1385 grata
778 1335 872 1373 mibi
893 1336 1043 1386 magnis
1064 1336 1103 1373 in
1128 1334 1226 1373 meis
1250 1335 1447 1385 periculis,
1470 1336 1515 1373 fi-

95 1390 246 1428 duciam
267 1391 592 1430 commendationi
612 1404 720 1430 meae
741 1391 888 1430 tribuit.
930 1403 1045 1442 quam
1068 1390 1116 1429 ob
1137 1403 1220 1429 rem
1243 1391 1511 1430 defensionem
1537 1400 1555 1432 2

93 1446 133 1485 in
157 1458 255 1485 novo
278 1447 440 1485 consilio
464 1460 543 1486 non
566 1447 681 1486 statui
702 1460 859 1498 parare,
883 1447 1185 1486 satisfactionem
1215 1459 1260 1485 ex
1290 1447 1396 1486 nulla
1418 1460 1513 1486 con—

95 1502 255 1541 scientia
277 1503 323 1541 de
344 1502 456 1554 culpa
488 1515 710 1553 proponere
739 1503 910 1548 decrevi,
941 1515 1056 1553 quam
1088 1503 1355 1541 mediusfidius
1385 1515 1513 1541 veram

25 1562 65 1595 25
94 1558 184 1597 licet
203 1569 430 1608 cognoscas.
471 1559 624 1598 iniuriis
646 1559 971 1610 contumeliisque
993 1558 1230 1602 concitatus,
1256 1559 1360 1608 quod
1381 1559 1513 1598 fructu
1535 1568 1554 1600 3

91 1614 233 1653 laboris
261 1615 554 1666 industriaeque
581 1628 689 1654 meae
719 1615 891 1666 privatus
922 1620 1062 1654 statum
1085 1614 1281 1665 dignitatis
1307 1627 1387 1653 non
1411 1616 1512 1666 opti-

91 1671 242 1717 nebam,
270 1671 465 1722 publicam
488 1672 721 1711 miserorum
744 1684 897 1710 causam
919 1684 990 1722 pro
1012 1683 1096 1710 mea
1119 1671 1404 1710 consuetudine
1425 1684 1512 1710 sus-

90 1727 200 1778 cepi,
232 1740 311 1766 non
343 1728 438 1779 quin
466 1741 530 1767 aes
559 1728 729 1767 alienum
758 1728 855 1766 meis
878 1728 1103 1766 nominibus
1126 1740 1170 1766 ex
1191 1727 1510 1778 possessionibus

90 1784 239 1823 solvere
267 1796 444 1835 possem,
475 1791 513 1824 at
543 1784 678 1823 alienis
708 1783 936 1822 nominibus
966 1783 1173 1822 liberalitas
1204 1783 1406 1822 Orestillae
1428 1784 1510 1823 suis

24 1843 64 1877 30
90 1839 268 1891 filiaeque
283 1840 406 1891 copiis
422 1841 678 1891 persolveret:
706 1840 774 1878 sed
791 1839 896 1890 quod
913 1852 993 1878 non
1010 1840 1149 1890 dignos
1165 1840 1343 1878 homines
1359 1839 1510 1879 honore

88 1895 315 1934 honestatos
340 1896 513 1935 videbam
534 1908 674 1946 meque
702 1895 796 1934 falsa
825 1896 1049 1947 suspicione
1078 1895 1286 1934 alienatum
1309 1908 1394 1934 esse
1417 1908 1509 1934 sen-

89 1952 243 1991 tiebam.
283 1952 359 1990 hoc
387 1952 545 1991 nomine
575 1953 666 1991 satis
692 1952 876 1991 honestas
897 1964 968 2003 pro
990 1964 1077 1990 meo
1099 1964 1191 1990 casu
1221 1964 1315 2004 spes¹
1334 1952 1508 2003 reliquae
1530 1962 1550 1992 4

89 2008 284 2058 dignitatis
309 2008 596 2047 conservandae
623 2020 709 2047 sum
737 2014 906 2047 secutus.
939 2009 1053 2059 plura
1069 2020 1157 2046 cum
1175 2007 1345 2046 scribere
1357 2008 1508 2056 vellem,
1531 2019 1549 2048 5

88 2064 308 2103 nuntiatum
349 2070 408 2103 est
445 2064 520 2103 vim
557 2064 652 2103 mihi
689 2065 830 2116 parari.
879 2077 986 2103 nunc
1015 2063 1233 2103 Orestillam
1273 2065 1507 2104 commendo
1529 2073 1547 2104 6

19 2124 58 2157 35
87 2127 255 2171 tuaeque
275 2120 363 2159 fidei
384 2121 505 2159 trado.
547 2133 630 2160 eam
651 2121 697 2159 ab
718 2121 860 2160 iniuria
881 2121 1064 2160 defendas
1084 2133 1155 2172 per
1175 2121 1319 2159 liberos
1335 2127 1424 2159 tuos
1441 2134 1508 2160 ro-

87 2182 208 2226 gatus.
248 2173 412 2215 haveto,2

176 2267 194 2298 8
220 2265 363 2298 maxime
385 2276 410 2297 s.
429 2276 455 2296 s.
478 2275 501 2306 p
520 2263 533 2305 l}
549 2264 718 2308 ultiuPll
738 2267 757 2299 9
781 2265 963 2308 respondet
988 2264 1036 2307 1-ss
1057 2264 1098 2297 ad
1122 2269 1276 2297 senatum
1292 2264 1346 2307 ΡΗ
1368 2266 1407 2297 18
1434 2275 1507 2297 ore-

83 2313 175 2343 retur
191 2311 227 2344 P.
253 2310 396 2343 oriretnr
414 2309 439 2341 C
457 2309 468 2352 Η
488 2310 526 2342 19
552 2314 704 2343 senatum
721 2309 774 2354 Pu
794 2312 835 2343 20
860 2310 881 2342 l.
901 2310 1035 2342 catilina
1061 2309 1204 2342 salutem
1230 2309 1308 2341 dicit
1334 2320 1366 2352 q.
1392 2309 1504 2342 catulo

85 2355 148 2388 VP
167 2357 218 2394 (in
235 2365 303 2397 quo
329 2355 472 2388 salutem
497 2354 576 2386 dicit
599 2365 625 2387 s.
642 2358 693 2396 3.),
718 2355 861 2388 salutem
887 2355 967 2387 dicit
993 2365 1059 2387 om.
1078 2354 1131 2386 vel
1146 2364 1213 2397 pro
1233 2365 1271 2386 eo
1289 2356 1507 2387 substituunt

86 2410 146 2433 suo
174 2399 226 2441 Gi}
245 2402 283 2432 21
311 2401 442 2442 magnis
466 2400 499 2431 in
525 2400 609 2432 meis
624 2399 688 2439 PC,
712 2400 746 2433 in
770 2400 901 2442 magnis
924 2400 1008 2432 meis
1027 2399 1096 2439 VC,
1120 2400 1154 2432 in
1179 2399 1263 2432 meis
1286 2399 1417 2441 magnis
1445 2397 1506 2444 CIJ

86 2446 129 2478 24
151 2455 265 2477 ueram
277 2445 429 2477 *ulicet
456 2445 514 2481 (ihi
540 2446 640 2485 eras.)
664 2445 718 2488 Pu
737 2447 778 2479 28
805 2456 871 2478 non
897 2446 977 2488 quin
994 2443 1092 2485 PCV‚
1117 2455 1184 2477 non
1209 2444 1287 2487 quia
1307 2443 1334 2476 C
1349 2444 1419 2488 {129
1437 2444 1505 2477 sol-

86 2499 164 2523 uere
189 2500 256 2522 non
280 2500 414 2533 possem
439 2495 472 2522 et
490 2489 588 2523 PJ‘C.
612 2499 638 2522 s.
656 2500 687 2523 n.
705 2501 737 2532 p.
756 2501 832 2523 cum
857 2495 889 2522 et
915 2490 983 2529 (vel
998 2489 1058 2522 sed
1083 2492 1128 2529 et)
1156 2488 1196 2521 C:
1223 2500 1247 2521 s.
1274 2499 1341 2521 non
1367 2499 1503 2531 possem

86 2537 119 2567 at
141 2537 268 2577 scripsi
292 2544 371 2573 (non
395 2538 433 2567 in
449 2536 574 2577 paucis
594 2534 637 2567 C:
656 2535 811 2568 traditur
829 2536 942 2567 deesse
959 2538 1022 2567 aut
1038 2534 1219 2567 inductum
1236 2536 1318 2573 esse)
1336 2533 1347 2575 ll
1367 2537 1408 2568 34
1430 2545 1503 2568 ore-

85 2579 210 2612 stillam
234 2579 294 2613 tibi
320 2580 516 2613 commendo
542 2579 578 2612 V

1184 2639 1232 2659 ἦ*

1184 2663 1201 2670 ,-
