<?xml version="1.0" encoding="UTF-8"?>
<!DOCTYPE html PUBLIC "-//W3C//DTD XHTML 1.0 Transitional//EN"
    "http://www.w3.org/TR/xhtml1/DTD/xhtml1-transitional.dtd">
<html xmlns="http://www.w3.org/1999/xhtml" xml:lang="en" lang="en">
 <head>
  <title>
</title>
<meta http-equiv="Content-Type" content="text/html;charset=utf-8" />
  <meta name='ocr-system' content='tesseract 3.04.00' />
  <meta name='ocr-capabilities' content='ocr_page ocr_carea ocr_par ocr_line ocrx_word'/>
</head>
<body>
  <div class='ocr_page' id='page_1' title='image "./catilinajugurtha00salluoft_0165.png"; bbox 0 0 1709 2885; ppageno 0'>
   <div class='ocr_carea' id='block_1_1' title="bbox 0 23 5 1466">
    <p class='ocr_par' dir='ltr' id='par_1_1' title="bbox 0 23 5 1466">
     <span class='ocr_line' id='line_1_1' title="bbox 0 23 5 1466; baseline 0 0"><span class='ocrx_word' id='word_1_1' title='bbox 0 23 5 1466; x_wconf 95' lang='lat' dir='ltr'> </span> 
     </span>
    </p>
   </div>
   <div class='ocr_carea' id='block_1_2' title="bbox 11 664 95 719">
    <p class='ocr_par' dir='ltr' id='par_1_2' title="bbox 11 664 95 719">
     <span class='ocr_line' id='line_1_2' title="bbox 11 664 95 719; baseline -0.012 0"><span class='ocrx_word' id='word_1_2' title='bbox 11 664 95 719; x_wconf 45' lang='lat'>&#39;10</span> 
     </span>
    </p>
   </div>
   <div class='ocr_carea' id='block_1_3' title="bbox 0 957 92 1000">
    <p class='ocr_par' dir='ltr' id='par_1_3' title="bbox 0 957 92 1000">
     <span class='ocr_line' id='line_1_3' title="bbox 0 957 92 1000; baseline 0 0"><span class='ocrx_word' id='word_1_3' title='bbox 0 957 92 1000; x_wconf 63' lang='lat' dir='ltr'>l15</span> 
     </span>
    </p>
   </div>
   <div class='ocr_carea' id='block_1_4' title="bbox 54 1249 94 1282">
    <p class='ocr_par' dir='ltr' id='par_1_4' title="bbox 54 1249 94 1282">
     <span class='ocr_line' id='line_1_4' title="bbox 54 1249 94 1282; baseline 0.025 -1"><span class='ocrx_word' id='word_1_4' title='bbox 54 1249 94 1282; x_wconf 85' lang='lat'>20</span> 
     </span>
    </p>
   </div>
   <div class='ocr_carea' id='block_1_5' title="bbox 0 1462 104 2885">
    <p class='ocr_par' dir='ltr' id='par_1_5' title="bbox 0 1462 104 2885">
     <span class='ocr_line' id='line_1_5' title="bbox 0 1462 104 2885; baseline 0 0"><span class='ocrx_word' id='word_1_5' title='bbox 0 1462 104 2885; x_wconf 95' lang='lat' dir='ltr'> </span> 
     </span>
    </p>
   </div>
   <div class='ocr_carea' id='block_1_6' title="bbox 630 68 1542 108">
    <p class='ocr_par' dir='ltr' id='par_1_6' title="bbox 630 68 1542 108">
     <span class='ocr_line' id='line_1_6' title="bbox 630 68 1542 108; baseline 0.002 -4"><span class='ocrx_word' id='word_1_6' title='bbox 630 70 684 104; x_wconf 89' lang='lat' dir='ltr'>DE</span> <span class='ocrx_word' id='word_1_7' title='bbox 708 70 764 104; x_wconf 89' lang='lat' dir='ltr'>RE</span> <span class='ocrx_word' id='word_1_8' title='bbox 787 70 970 104; x_wconf 72' lang='lat' dir='ltr'>PUBLICA</span> <span class='ocrx_word' id='word_1_9' title='bbox 994 71 1020 103; x_wconf 92' lang='lat'>11</span> <span class='ocrx_word' id='word_1_10' title='bbox 1465 68 1542 108; x_wconf 86' lang='lat'>137</span> 
     </span>
    </p>
   </div>
   <div class='ocr_carea' id='block_1_7' title="bbox 121 172 1595 1519">
    <p class='ocr_par' dir='ltr' id='par_1_7' title="bbox 122 172 1590 1011">
     <span class='ocr_line' id='line_1_7' title="bbox 122 172 1544 225; baseline -0.001 -13"><span class='ocrx_word' id='word_1_11' title='bbox 122 175 176 214; x_wconf 90' lang='lat' dir='ltr'>tei</span> <span class='ocrx_word' id='word_1_12' title='bbox 205 174 353 214; x_wconf 82' lang='lat' dir='ltr'><strong>hostiae</strong></span> <span class='ocrx_word' id='word_1_13' title='bbox 381 174 533 213; x_wconf 89' lang='lat' dir='ltr'>mactati</span> <span class='ocrx_word' id='word_1_14' title='bbox 563 179 675 221; x_wconf 90' lang='lat' dir='ltr'>sunt,</span> <span class='ocrx_word' id='word_1_15' title='bbox 714 186 833 225; x_wconf 92' lang='lat' dir='ltr'>quom</span> <span class='ocrx_word' id='word_1_16' title='bbox 864 174 1007 213; x_wconf 87' lang='lat' dir='ltr'>interea</span> <span class='ocrx_word' id='word_1_17' title='bbox 1039 172 1373 224; x_wconf 85' lang='lat' dir='ltr'>inportunissuma</span> <span class='ocrx_word' id='word_1_18' title='bbox 1404 185 1544 224; x_wconf 84' lang='lat' dir='ltr'>genera</span> 
     </span>
     <span class='ocr_line' id='line_1_8' title="bbox 123 229 1542 281; baseline -0.002 -11"><span class='ocrx_word' id='word_1_19' title='bbox 123 231 327 270; x_wconf 91' lang='lat' dir='ltr'>hominum</span> <span class='ocrx_word' id='word_1_20' title='bbox 362 235 420 269; x_wconf 88' lang='lat' dir='ltr'>tot</span> <span class='ocrx_word' id='word_1_21' title='bbox 451 231 684 269; x_wconf 91' lang='lat' dir='ltr'>miserorum</span> <span class='ocrx_word' id='word_1_22' title='bbox 719 230 859 269; x_wconf 87' lang='lat' dir='ltr'>civium</span> <span class='ocrx_word' id='word_1_23' title='bbox 900 230 1088 279; x_wconf 89' lang='lat' dir='ltr'>sanguine</span> <span class='ocrx_word' id='word_1_24' title='bbox 1121 229 1248 269; x_wconf 83' lang='lat' dir='ltr'>satiari</span> <span class='ocrx_word' id='word_1_25' title='bbox 1285 230 1542 281; x_wconf 88' lang='lat' dir='ltr'>nequierunt:</span> 
     </span>
     <span class='ocr_line' id='line_1_9' title="bbox 123 286 1545 337; baseline -0.001 -11"><span class='ocrx_word' id='word_1_26' title='bbox 123 299 204 326; x_wconf 89' lang='lat' dir='ltr'>non</span> <span class='ocrx_word' id='word_1_27' title='bbox 227 286 312 325; x_wconf 94' lang='lat' dir='ltr'>orbi</span> <span class='ocrx_word' id='word_1_28' title='bbox 333 286 458 334; x_wconf 90' lang='lat' dir='ltr'>liberi,</span> <span class='ocrx_word' id='word_1_29' title='bbox 488 298 568 325; x_wconf 93' lang='lat' dir='ltr'>non</span> <span class='ocrx_word' id='word_1_30' title='bbox 589 292 770 337; x_wconf 88' lang='lat' dir='ltr'>parentes</span> <span class='ocrx_word' id='word_1_31' title='bbox 793 292 921 325; x_wconf 83' lang='lat' dir='ltr'>exacta</span> <span class='ocrx_word' id='word_1_32' title='bbox 948 291 1081 332; x_wconf 88' lang='lat' dir='ltr'>aetate,</span> <span class='ocrx_word' id='word_1_33' title='bbox 1111 298 1192 324; x_wconf 91' lang='lat' dir='ltr'>non</span> <span class='ocrx_word' id='word_1_34' title='bbox 1219 286 1350 325; x_wconf 91' lang='lat' dir='ltr'>luctus</span> <span class='ocrx_word' id='word_1_35' title='bbox 1380 286 1545 336; x_wconf 81' lang='lat' dir='ltr'>gemitus</span> 
     </span>
     <span class='ocr_line' id='line_1_10' title="bbox 122 341 1545 392; baseline 0 -12"><span class='ocrx_word' id='word_1_36' title='bbox 122 343 293 382; x_wconf 79' lang='lat' dir='ltr'>virorum</span> <span class='ocrx_word' id='word_1_37' title='bbox 315 342 522 381; x_wconf 86' lang='lat' dir='ltr'><strong>mulierum</strong></span> <span class='ocrx_word' id='word_1_38' title='bbox 545 343 739 381; x_wconf 88' lang='lat' dir='ltr'>inmanem</span> <span class='ocrx_word' id='word_1_39' title='bbox 761 355 895 381; x_wconf 88' lang='lat' dir='ltr'>eorum</span> <span class='ocrx_word' id='word_1_40' title='bbox 916 342 1088 381; x_wconf 88' lang='lat' dir='ltr'>animum</span> <span class='ocrx_word' id='word_1_41' title='bbox 1110 341 1269 388; x_wconf 84' lang='lat' dir='ltr'>inflexit,</span> <span class='ocrx_word' id='word_1_42' title='bbox 1295 342 1414 392; x_wconf 89' lang='lat' dir='ltr'>quein</span> <span class='ocrx_word' id='word_1_43' title='bbox 1437 354 1545 380; x_wconf 87' lang='lat' dir='ltr'>acer-</span> 
     </span>
     <span class='ocr_line' id='line_1_11' title="bbox 122 398 1545 448; baseline -0.001 -10"><span class='ocrx_word' id='word_1_44' title='bbox 122 399 210 438; x_wconf 90' lang='lat' dir='ltr'>bius</span> <span class='ocrx_word' id='word_1_45' title='bbox 232 399 271 437; x_wconf 93' lang='lat' dir='ltr'>in</span> <span class='ocrx_word' id='word_1_46' title='bbox 294 399 375 438; x_wconf 89' lang='lat' dir='ltr'>dies</span> <span class='ocrx_word' id='word_1_47' title='bbox 395 399 494 437; x_wconf 88' lang='lat' dir='ltr'>male</span> <span class='ocrx_word' id='word_1_48' title='bbox 515 398 696 437; x_wconf 85' lang='lat' dir='ltr'>faciundo</span> <span class='ocrx_word' id='word_1_49' title='bbox 718 411 762 438; x_wconf 88' lang='lat' dir='ltr'>ac</span> <span class='ocrx_word' id='word_1_50' title='bbox 783 399 951 437; x_wconf 84' lang='lat' dir='ltr'>dicundo</span> <span class='ocrx_word' id='word_1_51' title='bbox 970 398 1154 448; x_wconf 83' lang='lat' dir='ltr'>dignitate</span> <span class='ocrx_word' id='word_1_52' title='bbox 1176 398 1270 437; x_wconf 91' lang='lat' dir='ltr'>alios</span> <span class='ocrx_word' id='word_1_53' title='bbox 1285 399 1379 437; x_wconf 91' lang='lat' dir='ltr'>alios</span> <span class='ocrx_word' id='word_1_54' title='bbox 1395 398 1545 437; x_wconf 74' lang='lat' dir='ltr'>civitate</span> 
     </span>
     <span class='ocr_line' id='line_1_12' title="bbox 124 452 1587 505; baseline -0.001 -11"><span class='ocrx_word' id='word_1_55' title='bbox 124 467 299 494; x_wconf 88' lang='lat' dir='ltr'>eversum</span> <span class='ocrx_word' id='word_1_56' title='bbox 330 455 444 494; x_wconf 90' lang='lat' dir='ltr'>irent.</span> <span class='ocrx_word' id='word_1_57' title='bbox 486 467 572 493; x_wconf 91' lang='lat' dir='ltr'>nam</span> <span class='ocrx_word' id='word_1_58' title='bbox 594 454 685 505; x_wconf 85' lang='lat' dir='ltr'>quid</span> <span class='ocrx_word' id='word_1_59' title='bbox 716 467 786 504; x_wconf 81' lang='lat' dir='ltr'>ego</span> <span class='ocrx_word' id='word_1_60' title='bbox 819 455 865 494; x_wconf 89' lang='lat' dir='ltr'>de</span> <span class='ocrx_word' id='word_1_61' title='bbox 888 461 925 493; x_wconf 91' lang='lat' dir='ltr'>te</span> <span class='ocrx_word' id='word_1_62' title='bbox 947 452 1101 493; x_wconf 81' lang='lat' dir='ltr'>dicam?</span> <span class='ocrx_word' id='word_1_63' title='bbox 1131 455 1243 493; x_wconf 86' lang='lat' dir='ltr'>cuius</span> <span class='ocrx_word' id='word_1_64' title='bbox 1271 454 1544 493; x_wconf 88' lang='lat' dir='ltr'>contumeliam</span> <span class='ocrx_word' id='word_1_65' title='bbox 1568 460 1587 492; x_wconf 90' lang='lat'><strong>3</strong></span> 
     </span>
     <span class='ocr_line' id='line_1_13' title="bbox 123 511 1545 562; baseline 0 -13"><span class='ocrx_word' id='word_1_66' title='bbox 123 511 301 550; x_wconf 88' lang='lat' dir='ltr'>homines</span> <span class='ocrx_word' id='word_1_67' title='bbox 321 511 557 562; x_wconf 79' lang='lat' dir='ltr'>ignavissimi</span> <span class='ocrx_word' id='word_1_68' title='bbox 576 511 647 549; x_wconf 89' lang='lat' dir='ltr'>vita</span> <span class='ocrx_word' id='word_1_69' title='bbox 668 523 737 549; x_wconf 88' lang='lat' dir='ltr'>sua</span> <span class='ocrx_word' id='word_1_70' title='bbox 759 518 997 550; x_wconf 82' lang='lat' dir='ltr'>commutare</span> <span class='ocrx_word' id='word_1_71' title='bbox 1018 511 1163 556; x_wconf 83' lang='lat' dir='ltr'>volunt,</span> <span class='ocrx_word' id='word_1_72' title='bbox 1195 511 1226 549; x_wconf 88' lang='lat' dir='ltr'>si</span> <span class='ocrx_word' id='word_1_73' title='bbox 1248 511 1372 550; x_wconf 72' lang='lat' dir='ltr'>lic-eat,</span> <span class='ocrx_word' id='word_1_74' title='bbox 1418 523 1545 561; x_wconf 78' lang='lat' dir='ltr'>nequo</span> 
     </span>
     <span class='ocr_line' id='line_1_14' title="bbox 123 567 1544 619; baseline -0.001 -13"><span class='ocrx_word' id='word_1_75' title='bbox 123 567 199 606; x_wconf 91' lang='lat' dir='ltr'>illis</span> <span class='ocrx_word' id='word_1_76' title='bbox 219 573 348 606; x_wconf 82' lang='lat' dir='ltr'>tantae</span> <span class='ocrx_word' id='word_1_77' title='bbox 369 567 554 618; x_wconf 78' lang='lat' dir='ltr'>voluptati</span> <span class='ocrx_word' id='word_1_78' title='bbox 578 573 646 614; x_wconf 89' lang='lat' dir='ltr'>est,</span> <span class='ocrx_word' id='word_1_79' title='bbox 667 567 817 606; x_wconf 85' lang='lat' dir='ltr'>tametsi</span> <span class='ocrx_word' id='word_1_80' title='bbox 840 567 1130 619; x_wconf 77' lang='lat' dir='ltr'>insperantibus</span> <span class='ocrx_word' id='word_1_81' title='bbox 1153 567 1311 611; x_wconf 81' lang='lat' dir='ltr'>accidit,</span> <span class='ocrx_word' id='word_1_82' title='bbox 1335 567 1544 606; x_wconf 84' lang='lat' dir='ltr'>dominatio</span> 
     </span>
     <span class='ocr_line' id='line_1_15' title="bbox 125 623 1546 675; baseline 0 -13"><span class='ocrx_word' id='word_1_83' title='bbox 125 629 270 674; x_wconf 90' lang='lat' dir='ltr'>quanto</span> <span class='ocrx_word' id='word_1_84' title='bbox 292 624 458 662; x_wconf 90' lang='lat' dir='ltr'>maerori</span> <span class='ocrx_word' id='word_1_85' title='bbox 478 631 544 662; x_wconf 87' lang='lat' dir='ltr'>tua</span> <span class='ocrx_word' id='word_1_86' title='bbox 565 623 750 674; x_wconf 79' lang='lat' dir='ltr'>dignitas:</span> <span class='ocrx_word' id='word_1_87' title='bbox 775 624 892 673; x_wconf 87' lang='lat' dir='ltr'>quein</span> <span class='ocrx_word' id='word_1_88' title='bbox 920 623 1089 675; x_wconf 87' lang='lat' dir='ltr'>optatius</span> <span class='ocrx_word' id='word_1_89' title='bbox 1109 623 1252 662; x_wconf 86' lang='lat' dir='ltr'>habent</span> <span class='ocrx_word' id='word_1_90' title='bbox 1282 637 1327 662; x_wconf 80' lang='lat' dir='ltr'>ex</span> <span class='ocrx_word' id='word_1_91' title='bbox 1348 630 1414 662; x_wconf 87' lang='lat' dir='ltr'>tua</span> <span class='ocrx_word' id='word_1_92' title='bbox 1445 623 1546 662; x_wconf 86' lang='lat' dir='ltr'>cala-</span> 
     </span>
     <span class='ocr_line' id='line_1_16' title="bbox 123 679 1545 731; baseline 0 -13"><span class='ocrx_word' id='word_1_93' title='bbox 123 680 255 718; x_wconf 89' lang='lat' dir='ltr'>mitate</span> <span class='ocrx_word' id='word_1_94' title='bbox 284 680 502 730; x_wconf 90' lang='lat' dir='ltr'>periculum</span> <span class='ocrx_word' id='word_1_95' title='bbox 532 680 718 718; x_wconf 82' lang='lat' dir='ltr'>libertatis</span> <span class='ocrx_word' id='word_1_96' title='bbox 737 679 886 725; x_wconf 86' lang='lat' dir='ltr'>facere,</span> <span class='ocrx_word' id='word_1_97' title='bbox 917 692 1032 730; x_wconf 88' lang='lat' dir='ltr'>quam</span> <span class='ocrx_word' id='word_1_98' title='bbox 1062 691 1134 730; x_wconf 87' lang='lat' dir='ltr'>per</span> <span class='ocrx_word' id='word_1_99' title='bbox 1164 687 1201 719; x_wconf 85' lang='lat' dir='ltr'>te</span> <span class='ocrx_word' id='word_1_100' title='bbox 1225 679 1360 731; x_wconf 91' lang='lat' dir='ltr'>populi</span> <span class='ocrx_word' id='word_1_101' title='bbox 1381 679 1545 718; x_wconf 87' lang='lat' dir='ltr'>Romani</span> 
     </span>
     <span class='ocr_line' id='line_1_17' title="bbox 122 735 1590 787; baseline -0.001 -13"><span class='ocrx_word' id='word_1_102' title='bbox 122 735 331 787; x_wconf 88' lang='lat' dir='ltr'>imperium</span> <span class='ocrx_word' id='word_1_103' title='bbox 352 736 559 774; x_wconf 80' lang='lat' dir='ltr'>maximum</span> <span class='ocrx_word' id='word_1_104' title='bbox 591 748 637 774; x_wconf 76' lang='lat' dir='ltr'>ex</span> <span class='ocrx_word' id='word_1_105' title='bbox 656 747 797 786; x_wconf 84' lang='lat' dir='ltr'>magno</span> <span class='ocrx_word' id='word_1_106' title='bbox 817 736 914 774; x_wconf 88' lang='lat' dir='ltr'>fieri.</span> <span class='ocrx_word' id='word_1_107' title='bbox 957 749 1034 787; x_wconf 89' lang='lat' dir='ltr'>quo</span> <span class='ocrx_word' id='word_1_108' title='bbox 1055 737 1178 785; x_wconf 84' lang='lat' dir='ltr'>magis</span> <span class='ocrx_word' id='word_1_109' title='bbox 1198 736 1266 775; x_wconf 89' lang='lat' dir='ltr'>tibi</span> <span class='ocrx_word' id='word_1_110' title='bbox 1297 737 1409 775; x_wconf 88' lang='lat' dir='ltr'>etiam</span> <span class='ocrx_word' id='word_1_111' title='bbox 1431 742 1545 787; x_wconf 89' lang='lat' dir='ltr'>atque</span> <span class='ocrx_word' id='word_1_112' title='bbox 1570 741 1590 773; x_wconf 83' lang='lat'>4</span> 
     </span>
     <span class='ocr_line' id='line_1_18' title="bbox 124 791 1546 843; baseline 0 -13"><span class='ocrx_word' id='word_1_113' title='bbox 124 792 238 831; x_wconf 87' lang='lat' dir='ltr'>etiam</span> <span class='ocrx_word' id='word_1_114' title='bbox 269 792 396 831; x_wconf 88' lang='lat' dir='ltr'>animo</span> <span class='ocrx_word' id='word_1_115' title='bbox 427 791 746 843; x_wconf 88' lang='lat' dir='ltr'>prospiciendum</span> <span class='ocrx_word' id='word_1_116' title='bbox 778 800 854 839; x_wconf 89' lang='lat' dir='ltr'>est,</span> <span class='ocrx_word' id='word_1_117' title='bbox 894 804 1063 842; x_wconf 87' lang='lat' dir='ltr'>quonam</span> <span class='ocrx_word' id='word_1_118' title='bbox 1104 793 1218 831; x_wconf 89' lang='lat' dir='ltr'>modo</span> <span class='ocrx_word' id='word_1_119' title='bbox 1257 804 1340 831; x_wconf 87' lang='lat' dir='ltr'>rem</span> <span class='ocrx_word' id='word_1_120' title='bbox 1378 792 1546 831; x_wconf 81' lang='lat' dir='ltr'>stabilias</span> 
     </span>
     <span class='ocr_line' id='line_1_19' title="bbox 124 847 1588 900; baseline 0 -14"><span class='ocrx_word' id='word_1_121' title='bbox 124 848 456 898; x_wconf 88' lang='lat' dir='ltr'>communiasque.</span> <span class='ocrx_word' id='word_1_122' title='bbox 504 847 598 886; x_wconf 89' lang='lat' dir='ltr'>mihi</span> <span class='ocrx_word' id='word_1_123' title='bbox 628 848 785 898; x_wconf 88' lang='lat' dir='ltr'>quidem</span> <span class='ocrx_word' id='word_1_124' title='bbox 816 860 913 899; x_wconf 87' lang='lat' dir='ltr'>quae</span> <span class='ocrx_word' id='word_1_125' title='bbox 949 861 1059 887; x_wconf 87' lang='lat' dir='ltr'>mens</span> <span class='ocrx_word' id='word_1_126' title='bbox 1097 849 1271 900; x_wconf 85' lang='lat' dir='ltr'>suppetit</span> <span class='ocrx_word' id='word_1_127' title='bbox 1306 849 1436 899; x_wconf 88' lang='lat' dir='ltr'>eloqui</span> <span class='ocrx_word' id='word_1_128' title='bbox 1467 860 1545 887; x_wconf 89' lang='lat' dir='ltr'>non</span> <span class='ocrx_word' id='word_1_129' title='bbox 1570 855 1588 886; x_wconf 86' lang='lat'>5</span> 
     </span>
     <span class='ocr_line' id='line_1_20' title="bbox 123 904 1547 956; baseline -0.001 -13"><span class='ocrx_word' id='word_1_130' title='bbox 123 904 321 943; x_wconf 76' lang='lat' dir='ltr'>dubitabo,</span> <span class='ocrx_word' id='word_1_131' title='bbox 367 909 536 943; x_wconf 90' lang='lat' dir='ltr'>ceterum</span> <span class='ocrx_word' id='word_1_132' title='bbox 572 905 651 943; x_wconf 90' lang='lat' dir='ltr'>tuei</span> <span class='ocrx_word' id='word_1_133' title='bbox 683 905 755 943; x_wconf 84' lang='lat' dir='ltr'>erit</span> <span class='ocrx_word' id='word_1_134' title='bbox 785 904 931 954; x_wconf 89' lang='lat' dir='ltr'>ingenii</span> <span class='ocrx_word' id='word_1_135' title='bbox 961 906 1146 956; x_wconf 80' lang='lat' dir='ltr'>probare,</span> <span class='ocrx_word' id='word_1_136' title='bbox 1185 917 1282 956; x_wconf 90' lang='lat' dir='ltr'>quae</span> <span class='ocrx_word' id='word_1_137' title='bbox 1316 917 1403 944; x_wconf 75' lang='lat' dir='ltr'>vera</span> <span class='ocrx_word' id='word_1_138' title='bbox 1432 911 1547 955; x_wconf 87' lang='lat' dir='ltr'>atque</span> 
     </span>
     <span class='ocr_line' id='line_1_21' title="bbox 122 960 502 1011; baseline 0.005 -12"><span class='ocrx_word' id='word_1_139' title='bbox 122 960 230 999; x_wconf 89' lang='lat' dir='ltr'>utilia</span> <span class='ocrx_word' id='word_1_140' title='bbox 250 961 355 1000; x_wconf 86' lang='lat' dir='ltr'>factu</span> <span class='ocrx_word' id='word_1_141' title='bbox 375 966 502 1011; x_wconf 80' lang='lat' dir='ltr'>putes,</span> 
     </span>
    </p>

    <p class='ocr_par' dir='ltr' id='par_1_8' title="bbox 121 1016 1595 1519">
     <span class='ocr_line' id='line_1_22' title="bbox 235 1016 1594 1068; baseline 0.001 -13"><span class='ocrx_word' id='word_1_142' title='bbox 235 1016 278 1055; x_wconf 92' lang='lat' dir='ltr'>In</span> <span class='ocrx_word' id='word_1_143' title='bbox 302 1017 395 1055; x_wconf 89' lang='lat' dir='ltr'>duas</span> <span class='ocrx_word' id='word_1_144' title='bbox 416 1023 545 1068; x_wconf 85' lang='lat' dir='ltr'>partes</span> <span class='ocrx_word' id='word_1_145' title='bbox 567 1028 636 1066; x_wconf 91' lang='lat' dir='ltr'>ego</span> <span class='ocrx_word' id='word_1_146' title='bbox 660 1017 847 1055; x_wconf 84' lang='lat' dir='ltr'>civitatem</span> <span class='ocrx_word' id='word_1_147' title='bbox 872 1017 1028 1056; x_wconf 83' lang='lat' dir='ltr'>divisam</span> <span class='ocrx_word' id='word_1_148' title='bbox 1056 1017 1234 1060; x_wconf 82' lang='lat' dir='ltr'>arbitror,</span> <span class='ocrx_word' id='word_1_149' title='bbox 1265 1018 1366 1056; x_wconf 86' lang='lat' dir='ltr'>sicut</span> <span class='ocrx_word' id='word_1_150' title='bbox 1386 1030 1406 1056; x_wconf 88' lang='lat' dir='ltr'>a</span> <span class='ocrx_word' id='word_1_151' title='bbox 1427 1017 1546 1056; x_wconf 87' lang='lat' dir='ltr'>maio·</span> <span class='ocrx_word' id='word_1_152' title='bbox 1571 1020 1594 1056; x_wconf 77' lang='grc' dir='ltr'>ε’)</span> 
     </span>
     <span class='ocr_line' id='line_1_23' title="bbox 121 1072 1547 1125; baseline 0.001 -14"><span class='ocrx_word' id='word_1_153' title='bbox 121 1072 231 1112; x_wconf 88' lang='lat' dir='ltr'>ribus</span> <span class='ocrx_word' id='word_1_154' title='bbox 261 1073 413 1124; x_wconf 86' lang='lat' dir='ltr'>accepi,</span> <span class='ocrx_word' id='word_1_155' title='bbox 455 1073 494 1111; x_wconf 89' lang='lat' dir='ltr'>in</span> <span class='ocrx_word' id='word_1_156' title='bbox 526 1079 654 1124; x_wconf 89' lang='lat' dir='ltr'>patres</span> <span class='ocrx_word' id='word_1_157' title='bbox 686 1079 723 1111; x_wconf 90' lang='lat' dir='ltr'>et</span> <span class='ocrx_word' id='word_1_158' title='bbox 752 1073 917 1124; x_wconf 88' lang='lat' dir='ltr'>plebem.</span> <span class='ocrx_word' id='word_1_159' title='bbox 976 1080 1088 1112; x_wconf 88' lang='lat' dir='ltr'>antea</span> <span class='ocrx_word' id='word_1_160' title='bbox 1124 1074 1161 1111; x_wconf 90' lang='lat' dir='ltr'>in</span> <span class='ocrx_word' id='word_1_161' title='bbox 1194 1074 1369 1125; x_wconf 87' lang='lat' dir='ltr'>patribus</span> <span class='ocrx_word' id='word_1_162' title='bbox 1399 1086 1547 1112; x_wconf 88' lang='lat' dir='ltr'>summa</span> 
     </span>
     <span class='ocr_line' id='line_1_24' title="bbox 123 1129 1590 1181; baseline 0.001 -14"><span class='ocrx_word' id='word_1_163' title='bbox 123 1129 332 1168; x_wconf 88' lang='lat' dir='ltr'>auctoritas</span> <span class='ocrx_word' id='word_1_164' title='bbox 358 1135 459 1176; x_wconf 83' lang='lat' dir='ltr'>erat,</span> <span class='ocrx_word' id='word_1_165' title='bbox 490 1129 546 1167; x_wconf 85' lang='lat' dir='ltr'>vis</span> <span class='ocrx_word' id='word_1_166' title='bbox 574 1129 696 1168; x_wconf 86' lang='lat' dir='ltr'>multo</span> <span class='ocrx_word' id='word_1_167' title='bbox 719 1142 894 1168; x_wconf 82' lang='lat' dir='ltr'>maxuma</span> <span class='ocrx_word' id='word_1_168' title='bbox 920 1129 959 1168; x_wconf 92' lang='lat' dir='ltr'>in</span> <span class='ocrx_word' id='word_1_169' title='bbox 981 1129 1108 1181; x_wconf 88' lang='lat' dir='ltr'>plebe.</span> <span class='ocrx_word' id='word_1_170' title='bbox 1160 1130 1289 1181; x_wconf 88' lang='lat' dir='ltr'>itaque</span> <span class='ocrx_word' id='word_1_171' title='bbox 1321 1131 1476 1181; x_wconf 89' lang='lat' dir='ltr'>saepius</span> <span class='ocrx_word' id='word_1_172' title='bbox 1506 1131 1546 1168; x_wconf 91' lang='lat' dir='ltr'>in</span> <span class='ocrx_word' id='word_1_173' title='bbox 1571 1137 1590 1168; x_wconf 84' lang='lat'>2</span> 
     </span>
     <span class='ocr_line' id='line_1_25' title="bbox 124 1185 1549 1237; baseline -0.001 -13"><span class='ocrx_word' id='word_1_174' title='bbox 124 1185 274 1225; x_wconf 87' lang='lat' dir='ltr'>civitate</span> <span class='ocrx_word' id='word_1_175' title='bbox 296 1185 464 1224; x_wconf 87' lang='lat' dir='ltr'>secessio</span> <span class='ocrx_word' id='word_1_176' title='bbox 486 1185 559 1224; x_wconf 89' lang='lat' dir='ltr'>suit</span> <span class='ocrx_word' id='word_1_177' title='bbox 580 1198 813 1236; x_wconf 83' lang='lat' dir='ltr'>semperque</span> <span class='ocrx_word' id='word_1_178' title='bbox 835 1185 1047 1225; x_wconf 86' lang='lat' dir='ltr'>nobilitatis</span> <span class='ocrx_word' id='word_1_179' title='bbox 1077 1198 1171 1237; x_wconf 87' lang='lat' dir='ltr'>opes</span> <span class='ocrx_word' id='word_1_180' title='bbox 1199 1186 1419 1225; x_wconf 86' lang='lat' dir='ltr'>deminutae</span> <span class='ocrx_word' id='word_1_181' title='bbox 1457 1192 1549 1225; x_wconf 88' lang='lat' dir='ltr'>sunt</span> 
     </span>
     <span class='ocr_line' id='line_1_26' title="bbox 125 1242 1591 1293; baseline 0 -13"><span class='ocrx_word' id='word_1_182' title='bbox 125 1248 163 1280; x_wconf 88' lang='lat' dir='ltr'>et</span> <span class='ocrx_word' id='word_1_183' title='bbox 187 1242 248 1280; x_wconf 92' lang='lat' dir='ltr'>ius</span> <span class='ocrx_word' id='word_1_184' title='bbox 278 1242 413 1293; x_wconf 86' lang='lat' dir='ltr'>populi</span> <span class='ocrx_word' id='word_1_185' title='bbox 443 1242 729 1292; x_wconf 86' lang='lat' dir='ltr'>amplificatum.</span> <span class='ocrx_word' id='word_1_186' title='bbox 780 1243 847 1281; x_wconf 88' lang='lat' dir='ltr'>sed</span> <span class='ocrx_word' id='word_1_187' title='bbox 876 1242 986 1293; x_wconf 87' lang='lat' dir='ltr'>plebs</span> <span class='ocrx_word' id='word_1_188' title='bbox 1017 1254 1061 1281; x_wconf 90' lang='lat' dir='ltr'>eo</span> <span class='ocrx_word' id='word_1_189' title='bbox 1089 1242 1209 1281; x_wconf 87' lang='lat' dir='ltr'>libere</span> <span class='ocrx_word' id='word_1_190' title='bbox 1241 1243 1426 1293; x_wconf 78' lang='lat' dir='ltr'>agitabat,</span> <span class='ocrx_word' id='word_1_191' title='bbox 1459 1243 1548 1293; x_wconf 86' lang='lat' dir='ltr'>quia</span> <span class='ocrx_word' id='word_1_192' title='bbox 1573 1248 1591 1280; x_wconf 92' lang='lat'><strong>3</strong></span> 
     </span>
     <span class='ocr_line' id='line_1_27' title="bbox 123 1298 1546 1350; baseline 0.001 -14"><span class='ocrx_word' id='word_1_193' title='bbox 123 1298 270 1337; x_wconf 87' lang='lat' dir='ltr'>nullius</span> <span class='ocrx_word' id='word_1_194' title='bbox 291 1298 464 1349; x_wconf 87' lang='lat' dir='ltr'>potentia</span> <span class='ocrx_word' id='word_1_195' title='bbox 486 1310 606 1349; x_wconf 90' lang='lat' dir='ltr'>super</span> <span class='ocrx_word' id='word_1_196' title='bbox 626 1298 731 1348; x_wconf 82' lang='lat' dir='ltr'>leges</span> <span class='ocrx_word' id='word_1_197' title='bbox 752 1304 833 1337; x_wconf 85' lang='lat' dir='ltr'>erat</span> <span class='ocrx_word' id='word_1_198' title='bbox 854 1311 984 1350; x_wconf 86' lang='lat' dir='ltr'>neque</span> <span class='ocrx_word' id='word_1_199' title='bbox 1013 1299 1154 1337; x_wconf 80' lang='lat' dir='ltr'>divitiis</span> <span class='ocrx_word' id='word_1_200' title='bbox 1183 1306 1247 1337; x_wconf 90' lang='lat' dir='ltr'>aut</span> <span class='ocrx_word' id='word_1_201' title='bbox 1277 1298 1459 1350; x_wconf 89' lang='lat' dir='ltr'>superbia</span> <span class='ocrx_word' id='word_1_202' title='bbox 1482 1299 1546 1337; x_wconf 85' lang='lat' dir='ltr'>sed</span> 
     </span>
     <span class='ocr_line' id='line_1_28' title="bbox 122 1354 1550 1406; baseline -0.001 -13"><span class='ocrx_word' id='word_1_203' title='bbox 122 1354 225 1393; x_wconf 91' lang='lat' dir='ltr'>hona</span> <span class='ocrx_word' id='word_1_204' title='bbox 246 1355 343 1393; x_wconf 76' lang='lat' dir='ltr'>fama</span> <span class='ocrx_word' id='word_1_205' title='bbox 364 1354 554 1405; x_wconf 85' lang='lat' dir='ltr'>factisque</span> <span class='ocrx_word' id='word_1_206' title='bbox 575 1355 741 1394; x_wconf 88' lang='lat' dir='ltr'>fortibus</span> <span class='ocrx_word' id='word_1_207' title='bbox 772 1354 913 1393; x_wconf 89' lang='lat' dir='ltr'>nobilis</span> <span class='ocrx_word' id='word_1_208' title='bbox 945 1355 1157 1406; x_wconf 89' lang='lat' dir='ltr'>ignobilem</span> <span class='ocrx_word' id='word_1_209' title='bbox 1187 1355 1377 1394; x_wconf 87' lang='lat' dir='ltr'>anteibat:</span> <span class='ocrx_word' id='word_1_210' title='bbox 1408 1354 1550 1393; x_wconf 87' lang='lat' dir='ltr'>bumil-</span> 
     </span>
     <span class='ocr_line' id='line_1_29' title="bbox 122 1410 1552 1462; baseline 0.001 -13"><span class='ocrx_word' id='word_1_211' title='bbox 122 1410 239 1449; x_wconf 87' lang='lat' dir='ltr'>limus</span> <span class='ocrx_word' id='word_1_212' title='bbox 261 1411 427 1462; x_wconf 86' lang='lat' dir='ltr'>quisque</span> <span class='ocrx_word' id='word_1_213' title='bbox 457 1411 496 1449; x_wconf 89' lang='lat' dir='ltr'>in</span> <span class='ocrx_word' id='word_1_214' title='bbox 518 1412 634 1450; x_wconf 88' lang='lat' dir='ltr'>armis</span> <span class='ocrx_word' id='word_1_215' title='bbox 665 1417 730 1450; x_wconf 81' lang='lat' dir='ltr'>aut</span> <span class='ocrx_word' id='word_1_216' title='bbox 750 1412 790 1450; x_wconf 90' lang='lat' dir='ltr'>in</span> <span class='ocrx_word' id='word_1_217' title='bbox 813 1411 946 1450; x_wconf 82' lang='lat' dir='ltr'>militia</span> <span class='ocrx_word' id='word_1_218' title='bbox 968 1411 1115 1450; x_wconf 86' lang='lat' dir='ltr'>nullius</span> <span class='ocrx_word' id='word_1_219' title='bbox 1136 1412 1321 1450; x_wconf 83' lang='lat' dir='ltr'>honestae</span> <span class='ocrx_word' id='word_1_220' title='bbox 1354 1411 1410 1450; x_wconf 87' lang='lat' dir='ltr'>rei</span> <span class='ocrx_word' id='word_1_221' title='bbox 1432 1424 1552 1462; x_wconf 84' lang='lat' dir='ltr'>egens</span> 
     </span>
     <span class='ocr_line' id='line_1_30' title="bbox 124 1466 1595 1519; baseline 0.001 -14"><span class='ocrx_word' id='word_1_222' title='bbox 124 1467 217 1506; x_wconf 84' lang='lat' dir='ltr'>satis</span> <span class='ocrx_word' id='word_1_223' title='bbox 245 1467 318 1506; x_wconf 87' lang='lat' dir='ltr'>sibi</span> <span class='ocrx_word' id='word_1_224' title='bbox 347 1466 517 1518; x_wconf 86' lang='lat' dir='ltr'>satisque</span> <span class='ocrx_word' id='word_1_225' title='bbox 546 1467 692 1518; x_wconf 84' lang='lat' dir='ltr'>patriae</span> <span class='ocrx_word' id='word_1_226' title='bbox 725 1473 816 1506; x_wconf 86' lang='lat' dir='ltr'>erat.</span> <span class='ocrx_word' id='word_1_227' title='bbox 866 1468 932 1505; x_wconf 87' lang='lat' dir='ltr'>sed</span> <span class='ocrx_word' id='word_1_228' title='bbox 964 1467 1030 1505; x_wconf 93' lang='lat' dir='ltr'>ubi</span> <span class='ocrx_word' id='word_1_229' title='bbox 1056 1480 1122 1506; x_wconf 90' lang='lat' dir='ltr'>eos</span> <span class='ocrx_word' id='word_1_230' title='bbox 1152 1468 1335 1519; x_wconf 87' lang='lat' dir='ltr'>paulatim</span> <span class='ocrx_word' id='word_1_231' title='bbox 1367 1468 1551 1519; x_wconf 78' lang='lat' dir='ltr'>expulsos</span> <span class='ocrx_word' id='word_1_232' title='bbox 1574 1474 1595 1505; x_wconf 77' lang='lat'>4</span> 
     </span>
    </p>
   </div>
   <div class='ocr_carea' id='block_1_8' title="bbox 78 1523 1552 1575">
    <p class='ocr_par' dir='ltr' id='par_1_9' title="bbox 78 1523 1552 1575">
     <span class='ocr_line' id='line_1_31' title="bbox 78 1523 1552 1575; baseline 0 -13"><span class='ocrx_word' id='word_1_233' title='bbox 78 1532 91 1540; x_wconf 81' lang='lat'>&#39;</span> <span class='ocrx_word' id='word_1_234' title='bbox 125 1524 227 1573; x_wconf 84' lang='lat' dir='ltr'>agris</span> <span class='ocrx_word' id='word_1_235' title='bbox 242 1523 381 1562; x_wconf 90' lang='lat' dir='ltr'>inertia</span> <span class='ocrx_word' id='word_1_236' title='bbox 397 1529 513 1573; x_wconf 83' lang='lat' dir='ltr'>atque</span> <span class='ocrx_word' id='word_1_237' title='bbox 529 1523 661 1574; x_wconf 91' lang='lat' dir='ltr'>inopia</span> <span class='ocrx_word' id='word_1_238' title='bbox 682 1524 849 1562; x_wconf 88' lang='lat' dir='ltr'>incertas</span> <span class='ocrx_word' id='word_1_239' title='bbox 873 1523 1009 1562; x_wconf 88' lang='lat' dir='ltr'>domos</span> <span class='ocrx_word' id='word_1_240' title='bbox 1030 1524 1172 1562; x_wconf 89' lang='lat' dir='ltr'>habere</span> <span class='ocrx_word' id='word_1_241' title='bbox 1189 1524 1356 1574; x_wconf 76' lang='lat' dir='ltr'>subegit,</span> <span class='ocrx_word' id='word_1_242' title='bbox 1388 1536 1552 1575; x_wconf 87' lang='lat' dir='ltr'>coepere</span> 
     </span>
    </p>
   </div>
   <div class='ocr_carea' id='block_1_9' title="bbox 122 1579 1593 2080">
    <p class='ocr_par' dir='ltr' id='par_1_10' title="bbox 122 1579 1593 2080">
     <span class='ocr_line' id='line_1_32' title="bbox 123 1579 1551 1632; baseline -0.001 -14"><span class='ocrx_word' id='word_1_243' title='bbox 123 1579 268 1619; x_wconf 89' lang='lat' dir='ltr'>alienas</span> <span class='ocrx_word' id='word_1_244' title='bbox 298 1592 392 1631; x_wconf 89' lang='lat' dir='ltr'>opes</span> <span class='ocrx_word' id='word_1_245' title='bbox 423 1585 577 1630; x_wconf 88' lang='lat' dir='ltr'>petere,</span> <span class='ocrx_word' id='word_1_246' title='bbox 616 1579 831 1619; x_wconf 88' lang='lat' dir='ltr'>libertatem</span> <span class='ocrx_word' id='word_1_247' title='bbox 863 1591 972 1618; x_wconf 88' lang='lat' dir='ltr'>suam</span> <span class='ocrx_word' id='word_1_248' title='bbox 1008 1592 1095 1618; x_wconf 91' lang='lat' dir='ltr'>cum</span> <span class='ocrx_word' id='word_1_249' title='bbox 1128 1592 1170 1619; x_wconf 90' lang='lat' dir='ltr'>re</span> <span class='ocrx_word' id='word_1_250' title='bbox 1200 1580 1355 1632; x_wconf 89' lang='lat' dir='ltr'>publica</span> <span class='ocrx_word' id='word_1_251' title='bbox 1379 1581 1551 1619; x_wconf 80' lang='lat' dir='ltr'>venalem</span> 
     </span>
     <span class='ocr_line' id='line_1_33' title="bbox 123 1635 1593 1687; baseline 0.001 -13"><span class='ocrx_word' id='word_1_252' title='bbox 123 1635 279 1675; x_wconf 88' lang='lat' dir='ltr'>habere.</span> <span class='ocrx_word' id='word_1_253' title='bbox 314 1637 364 1675; x_wconf 87' lang='lat' dir='ltr'>ita</span> <span class='ocrx_word' id='word_1_254' title='bbox 380 1635 565 1687; x_wconf 84' lang='lat' dir='ltr'>paulatim</span> <span class='ocrx_word' id='word_1_255' title='bbox 582 1636 766 1687; x_wconf 90' lang='lat' dir='ltr'>populus,</span> <span class='ocrx_word' id='word_1_256' title='bbox 791 1636 857 1687; x_wconf 89' lang='lat' dir='ltr'>qui</span> <span class='ocrx_word' id='word_1_257' title='bbox 879 1636 1060 1675; x_wconf 90' lang='lat' dir='ltr'>dominus</span> <span class='ocrx_word' id='word_1_258' title='bbox 1083 1644 1175 1683; x_wconf 80' lang='lat' dir='ltr'>erat,</span> <span class='ocrx_word' id='word_1_259' title='bbox 1199 1637 1350 1676; x_wconf 87' lang='lat' dir='ltr'>cunctis</span> <span class='ocrx_word' id='word_1_260' title='bbox 1370 1637 1552 1686; x_wconf 88' lang='lat' dir='ltr'>gentibus</span> <span class='ocrx_word' id='word_1_261' title='bbox 1575 1644 1593 1675; x_wconf 87' lang='lat'>5</span> 
     </span>
     <span class='ocr_line' id='line_1_34' title="bbox 123 1692 1550 1744; baseline 0.001 -14"><span class='ocrx_word' id='word_1_262' title='bbox 123 1692 380 1744; x_wconf 85' lang='lat' dir='ltr'>imperitabat,</span> <span class='ocrx_word' id='word_1_263' title='bbox 412 1692 583 1743; x_wconf 90' lang='lat' dir='ltr'>dilapsus</span> <span class='ocrx_word' id='word_1_264' title='bbox 605 1697 662 1730; x_wconf 87' lang='lat' dir='ltr'>est</span> <span class='ocrx_word' id='word_1_265' title='bbox 683 1699 719 1731; x_wconf 91' lang='lat' dir='ltr'>et</span> <span class='ocrx_word' id='word_1_266' title='bbox 742 1704 814 1743; x_wconf 87' lang='lat' dir='ltr'>pro</span> <span class='ocrx_word' id='word_1_267' title='bbox 846 1693 1043 1731; x_wconf 83' lang='lat' dir='ltr'>communi</span> <span class='ocrx_word' id='word_1_268' title='bbox 1074 1693 1237 1743; x_wconf 88' lang='lat' dir='ltr'>imperio</span> <span class='ocrx_word' id='word_1_269' title='bbox 1269 1693 1449 1744; x_wconf 86' lang='lat' dir='ltr'>privatim</span> <span class='ocrx_word' id='word_1_270' title='bbox 1479 1693 1550 1731; x_wconf 90' lang='lat' dir='ltr'>sibi</span> 
     </span>
     <span class='ocr_line' id='line_1_35' title="bbox 125 1748 1593 1799; baseline 0 -12"><span class='ocrx_word' id='word_1_271' title='bbox 125 1749 291 1799; x_wconf 89' lang='lat' dir='ltr'>quisque</span> <span class='ocrx_word' id='word_1_272' title='bbox 312 1749 536 1788; x_wconf 84' lang='lat' dir='ltr'>servitutem</span> <span class='ocrx_word' id='word_1_273' title='bbox 557 1749 723 1799; x_wconf 86' lang='lat' dir='ltr'>peperit.</span> <span class='ocrx_word' id='word_1_274' title='bbox 758 1749 853 1786; x_wconf 88' lang='lat' dir='ltr'>haec</span> <span class='ocrx_word' id='word_1_275' title='bbox 874 1748 993 1798; x_wconf 89' lang='lat' dir='ltr'>igitur</span> <span class='ocrx_word' id='word_1_276' title='bbox 1012 1748 1221 1787; x_wconf 82' lang='lat' dir='ltr'>multitudo</span> <span class='ocrx_word' id='word_1_277' title='bbox 1243 1749 1412 1799; x_wconf 87' lang='lat' dir='ltr'>primum</span> <span class='ocrx_word' id='word_1_278' title='bbox 1442 1749 1552 1788; x_wconf 88' lang='lat' dir='ltr'>malis</span> <span class='ocrx_word' id='word_1_279' title='bbox 1575 1755 1593 1787; x_wconf 83' lang='lat'>6</span> 
     </span>
     <span class='ocr_line' id='line_1_36' title="bbox 123 1803 1565 1856; baseline -0.001 -12"><span class='ocrx_word' id='word_1_280' title='bbox 123 1805 299 1844; x_wconf 88' lang='lat' dir='ltr'>moribus</span> <span class='ocrx_word' id='word_1_281' title='bbox 322 1805 477 1851; x_wconf 89' lang='lat' dir='ltr'>inbuta,</span> <span class='ocrx_word' id='word_1_282' title='bbox 510 1804 647 1843; x_wconf 87' lang='lat' dir='ltr'>deinde</span> <span class='ocrx_word' id='word_1_283' title='bbox 669 1805 708 1843; x_wconf 92' lang='lat' dir='ltr'>in</span> <span class='ocrx_word' id='word_1_284' title='bbox 729 1804 822 1842; x_wconf 92' lang='lat' dir='ltr'>artis</span> <span class='ocrx_word' id='word_1_285' title='bbox 851 1803 1025 1855; x_wconf 78' lang='lat' dir='ltr'>vitasque</span> <span class='ocrx_word' id='word_1_286' title='bbox 1046 1805 1168 1843; x_wconf 79' lang='lat' dir='ltr'>varias</span> <span class='ocrx_word' id='word_1_287' title='bbox 1200 1805 1406 1856; x_wconf 85' lang='lat' dir='ltr'>dispalata‚</span> <span class='ocrx_word' id='word_1_288' title='bbox 1444 1804 1565 1849; x_wconf 12' lang='lat' dir='ltr'>nullo,</span> 
     </span>
     <span class='ocr_line' id='line_1_37' title="bbox 122 1860 1551 1911; baseline 0 -11"><span class='ocrx_word' id='word_1_289' title='bbox 122 1861 238 1900; x_wconf 88' lang='lat' dir='ltr'>modo</span> <span class='ocrx_word' id='word_1_290' title='bbox 268 1861 370 1899; x_wconf 87' lang='lat' dir='ltr'>inter</span> <span class='ocrx_word' id='word_1_291' title='bbox 397 1873 437 1899; x_wconf 90' lang='lat' dir='ltr'>se</span> <span class='ocrx_word' id='word_1_292' title='bbox 468 1872 713 1910; x_wconf 87' lang='lat' dir='ltr'>congruens,</span> <span class='ocrx_word' id='word_1_293' title='bbox 749 1872 888 1911; x_wconf 89' lang='lat' dir='ltr'>parum</span> <span class='ocrx_word' id='word_1_294' title='bbox 920 1860 1013 1899; x_wconf 87' lang='lat' dir='ltr'>mihi</span> <span class='ocrx_word' id='word_1_295' title='bbox 1045 1861 1200 1911; x_wconf 91' lang='lat' dir='ltr'>quidem</span> <span class='ocrx_word' id='word_1_296' title='bbox 1231 1862 1370 1900; x_wconf 89' lang='lat' dir='ltr'>idonea</span> <span class='ocrx_word' id='word_1_297' title='bbox 1399 1861 1551 1900; x_wconf 76' lang='lat' dir='ltr'>videtur</span> 
     </span>
     <span class='ocr_line' id='line_1_38' title="bbox 124 1917 1591 1968; baseline 0 -12"><span class='ocrx_word' id='word_1_298' title='bbox 124 1917 169 1956; x_wconf 89' lang='lat' dir='ltr'>ad</span> <span class='ocrx_word' id='word_1_299' title='bbox 201 1917 477 1968; x_wconf 87' lang='lat' dir='ltr'>capessendam</span> <span class='ocrx_word' id='word_1_300' title='bbox 507 1929 589 1955; x_wconf 89' lang='lat' dir='ltr'>rem</span> <span class='ocrx_word' id='word_1_301' title='bbox 631 1917 838 1968; x_wconf 85' lang='lat' dir='ltr'>publicam.</span> <span class='ocrx_word' id='word_1_302' title='bbox 895 1924 1066 1956; x_wconf 89' lang='lat' dir='ltr'>ceterum</span> <span class='ocrx_word' id='word_1_303' title='bbox 1097 1917 1235 1956; x_wconf 88' lang='lat' dir='ltr'>additis</span> <span class='ocrx_word' id='word_1_304' title='bbox 1266 1918 1375 1957; x_wconf 91' lang='lat' dir='ltr'>novis</span> <span class='ocrx_word' id='word_1_305' title='bbox 1405 1917 1551 1956; x_wconf 75' lang='lat' dir='ltr'>civibus</span> <span class='ocrx_word' id='word_1_306' title='bbox 1574 1925 1591 1956; x_wconf 76' lang='lat'>7</span> 
     </span>
     <span class='ocr_line' id='line_1_39' title="bbox 123 1972 1549 2024; baseline 0 -12"><span class='ocrx_word' id='word_1_307' title='bbox 123 1985 262 2023; x_wconf 88' lang='lat' dir='ltr'>magna</span> <span class='ocrx_word' id='word_1_308' title='bbox 278 1985 339 2012; x_wconf 92' lang='lat' dir='ltr'>me</span> <span class='ocrx_word' id='word_1_309' title='bbox 356 1985 446 2024; x_wconf 91' lang='lat' dir='ltr'>spes</span> <span class='ocrx_word' id='word_1_310' title='bbox 461 1978 567 2012; x_wconf 83' lang='lat' dir='ltr'>tenet</span> <span class='ocrx_word' id='word_1_311' title='bbox 581 1972 666 2012; x_wconf 84' lang='lat' dir='ltr'>fore</span> <span class='ocrx_word' id='word_1_312' title='bbox 687 1979 728 2012; x_wconf 91' lang='lat' dir='ltr'>ut</span> <span class='ocrx_word' id='word_1_313' title='bbox 750 1985 885 2012; x_wconf 86' lang='lat' dir='ltr'>omnes</span> <span class='ocrx_word' id='word_1_314' title='bbox 907 1974 1227 2024; x_wconf 77' lang='lat' dir='ltr'>expergiscantur</span> <span class='ocrx_word' id='word_1_315' title='bbox 1248 1975 1293 2013; x_wconf 90' lang='lat' dir='ltr'>ad</span> <span class='ocrx_word' id='word_1_316' title='bbox 1314 1974 1549 2013; x_wconf 87' lang='lat' dir='ltr'>libertatem:</span> 
     </span>
     <span class='ocr_line' id='line_1_40' title="bbox 125 2029 1551 2080; baseline 0.001 -12"><span class='ocrx_word' id='word_1_317' title='bbox 125 2029 271 2080; x_wconf 89' lang='lat' dir='ltr'>quippe</span> <span class='ocrx_word' id='word_1_318' title='bbox 283 2041 369 2068; x_wconf 93' lang='lat' dir='ltr'>cum</span> <span class='ocrx_word' id='word_1_319' title='bbox 387 2029 659 2068; x_wconf 86' lang='lat' dir='ltr'>illislibertatis</span> <span class='ocrx_word' id='word_1_320' title='bbox 674 2029 914 2076; x_wconf 79' lang='lat' dir='ltr'>retinendae,</span> <span class='ocrx_word' id='word_1_321' title='bbox 932 2037 1014 2068; x_wconf 88' lang='lat' dir='ltr'>tum</span> <span class='ocrx_word' id='word_1_322' title='bbox 1030 2030 1090 2068; x_wconf 90' lang='lat' dir='ltr'>his</span> <span class='ocrx_word' id='word_1_323' title='bbox 1108 2030 1302 2069; x_wconf 81' lang='lat' dir='ltr'>servitutis</span> <span class='ocrx_word' id='word_1_324' title='bbox 1319 2030 1551 2070; x_wconf 88' lang='lat' dir='ltr'>amittendae</span> 
     </span>
    </p>
   </div>
   <div class='ocr_carea' id='block_1_10' title="bbox 77 2085 1593 2137">
    <p class='ocr_par' dir='ltr' id='par_1_11' title="bbox 77 2085 1593 2137">
     <span class='ocr_line' id='line_1_41' title="bbox 77 2085 1593 2137; baseline 0.001 -13"><span class='ocrx_word' id='word_1_325' title='bbox 77 2093 91 2101; x_wconf 77' lang='lat'>&#39;</span> <span class='ocrx_word' id='word_1_326' title='bbox 127 2098 219 2125; x_wconf 87' lang='lat' dir='ltr'>cura</span> <span class='ocrx_word' id='word_1_327' title='bbox 241 2085 401 2124; x_wconf 84' lang='lat' dir='ltr'>orietur.</span> <span class='ocrx_word' id='word_1_328' title='bbox 441 2086 513 2124; x_wconf 91' lang='lat' dir='ltr'>hos</span> <span class='ocrx_word' id='word_1_329' title='bbox 535 2097 606 2136; x_wconf 89' lang='lat' dir='ltr'>ego</span> <span class='ocrx_word' id='word_1_330' title='bbox 629 2098 771 2124; x_wconf 88' lang='lat' dir='ltr'>censeo</span> <span class='ocrx_word' id='word_1_331' title='bbox 792 2087 1005 2137; x_wconf 84' lang='lat' dir='ltr'>permixtos</span> <span class='ocrx_word' id='word_1_332' title='bbox 1034 2099 1122 2125; x_wconf 89' lang='lat' dir='ltr'>cum</span> <span class='ocrx_word' id='word_1_333' title='bbox 1143 2087 1338 2126; x_wconf 80' lang='lat' dir='ltr'>veteribus</span> <span class='ocrx_word' id='word_1_334' title='bbox 1369 2099 1490 2126; x_wconf 79' lang='lat' dir='ltr'>novos</span> <span class='ocrx_word' id='word_1_335' title='bbox 1512 2087 1549 2125; x_wconf 92' lang='lat' dir='ltr'>in</span> <span class='ocrx_word' id='word_1_336' title='bbox 1574 2093 1593 2126; x_wconf 83' lang='lat'>8</span> 
     </span>
    </p>
   </div>
   <div class='ocr_carea' id='block_1_11' title="bbox 124 2141 1598 2419">
    <p class='ocr_par' dir='ltr' id='par_1_12' title="bbox 124 2141 1551 2250">
     <span class='ocr_line' id='line_1_42' title="bbox 125 2141 1551 2195; baseline 0.001 -15"><span class='ocrx_word' id='word_1_337' title='bbox 125 2142 290 2181; x_wconf 88' lang='lat' dir='ltr'>coloniis</span> <span class='ocrx_word' id='word_1_338' title='bbox 306 2141 539 2180; x_wconf 89' lang='lat' dir='ltr'>constituas:</span> <span class='ocrx_word' id='word_1_339' title='bbox 563 2142 612 2180; x_wconf 90' lang='lat' dir='ltr'>ita</span> <span class='ocrx_word' id='word_1_340' title='bbox 635 2149 672 2181; x_wconf 87' lang='lat' dir='ltr'>et</span> <span class='ocrx_word' id='word_1_341' title='bbox 693 2154 755 2181; x_wconf 91' lang='lat' dir='ltr'>res</span> <span class='ocrx_word' id='word_1_342' title='bbox 771 2142 946 2181; x_wconf 88' lang='lat' dir='ltr'>militaris</span> <span class='ocrx_word' id='word_1_343' title='bbox 964 2143 1190 2194; x_wconf 88' lang='lat' dir='ltr'>opulentior</span> <span class='ocrx_word' id='word_1_344' title='bbox 1205 2143 1277 2182; x_wconf 89' lang='lat' dir='ltr'>erit</span> <span class='ocrx_word' id='word_1_345' title='bbox 1299 2149 1335 2182; x_wconf 89' lang='lat' dir='ltr'>et</span> <span class='ocrx_word' id='word_1_346' title='bbox 1354 2143 1465 2195; x_wconf 89' lang='lat' dir='ltr'>plebs</span> <span class='ocrx_word' id='word_1_347' title='bbox 1480 2143 1551 2182; x_wconf 92' lang='lat' dir='ltr'>bo-</span> 
     </span>
     <span class='ocr_line' id='line_1_43' title="bbox 124 2197 1297 2250; baseline 0 -12"><span class='ocrx_word' id='word_1_348' title='bbox 124 2199 186 2238; x_wconf 90' lang='lat' dir='ltr'>nis</span> <span class='ocrx_word' id='word_1_349' title='bbox 208 2198 375 2248; x_wconf 79' lang='lat' dir='ltr'>negotiis</span> <span class='ocrx_word' id='word_1_350' title='bbox 396 2197 580 2249; x_wconf 89' lang='lat' dir='ltr'>impedita</span> <span class='ocrx_word' id='word_1_351' title='bbox 599 2198 743 2237; x_wconf 89' lang='lat' dir='ltr'>malum</span> <span class='ocrx_word' id='word_1_352' title='bbox 764 2198 965 2250; x_wconf 88' lang='lat' dir='ltr'>publicum</span> <span class='ocrx_word' id='word_1_353' title='bbox 985 2199 1113 2238; x_wconf 88' lang='lat' dir='ltr'>facere</span> <span class='ocrx_word' id='word_1_354' title='bbox 1135 2199 1297 2238; x_wconf 87' lang='lat' dir='ltr'>desinet.</span> 
     </span>
    </p>

    <p class='ocr_par' dir='ltr' id='par_1_13' title="bbox 126 2254 1598 2419">
     <span class='ocr_line' id='line_1_44' title="bbox 237 2254 1598 2306; baseline 0.001 -14"><span class='ocrx_word' id='word_1_355' title='bbox 237 2254 315 2293; x_wconf 87' lang='lat' dir='ltr'>Sed</span> <span class='ocrx_word' id='word_1_356' title='bbox 335 2266 414 2292; x_wconf 91' lang='lat' dir='ltr'>non</span> <span class='ocrx_word' id='word_1_357' title='bbox 436 2254 585 2293; x_wconf 88' lang='lat' dir='ltr'>inscius</span> <span class='ocrx_word' id='word_1_358' title='bbox 606 2267 734 2305; x_wconf 87' lang='lat' dir='ltr'>neque</span> <span class='ocrx_word' id='word_1_359' title='bbox 756 2256 974 2306; x_wconf 90' lang='lat' dir='ltr'>inprudens</span> <span class='ocrx_word' id='word_1_360' title='bbox 996 2268 1095 2303; x_wconf 89' lang='lat' dir='ltr'>sum,</span> <span class='ocrx_word' id='word_1_361' title='bbox 1118 2268 1237 2306; x_wconf 90' lang='lat' dir='ltr'>quom</span> <span class='ocrx_word' id='word_1_362' title='bbox 1260 2268 1300 2295; x_wconf 86' lang='lat' dir='ltr'>ea</span> <span class='ocrx_word' id='word_1_363' title='bbox 1323 2268 1385 2295; x_wconf 89' lang='lat' dir='ltr'>res</span> <span class='ocrx_word' id='word_1_364' title='bbox 1401 2261 1548 2306; x_wconf 81' lang='lat' dir='ltr'>agetur,</span> <span class='ocrx_word' id='word_1_365' title='bbox 1574 2258 1598 2294; x_wconf 84' lang='grc'><strong>6</strong></span> 
     </span>
     <span class='ocr_line' id='line_1_45' title="bbox 126 2310 1550 2362; baseline 0 -12"><span class='ocrx_word' id='word_1_366' title='bbox 126 2323 224 2362; x_wconf 89' lang='lat' dir='ltr'>quae</span> <span class='ocrx_word' id='word_1_367' title='bbox 253 2310 405 2350; x_wconf 84' lang='lat' dir='ltr'>saevitia</span> <span class='ocrx_word' id='word_1_368' title='bbox 435 2322 612 2361; x_wconf 91' lang='lat' dir='ltr'>quaeque</span> <span class='ocrx_word' id='word_1_369' title='bbox 646 2317 895 2362; x_wconf 88' lang='lat' dir='ltr'>tempestates</span> <span class='ocrx_word' id='word_1_370' title='bbox 930 2312 1134 2350; x_wconf 89' lang='lat' dir='ltr'>hominum</span> <span class='ocrx_word' id='word_1_371' title='bbox 1170 2312 1359 2351; x_wconf 88' lang='lat' dir='ltr'>nobilium</span> <span class='ocrx_word' id='word_1_372' title='bbox 1396 2312 1550 2351; x_wconf 86' lang='lat' dir='ltr'>futurae</span> 
     </span>
     <span class='ocr_line' id='line_1_46' title="bbox 127 2366 1550 2419; baseline 0 -13"><span class='ocrx_word' id='word_1_373' title='bbox 127 2367 217 2413; x_wconf 87' lang='lat' dir='ltr'>sint,</span> <span class='ocrx_word' id='word_1_374' title='bbox 239 2379 358 2418; x_wconf 90' lang='lat' dir='ltr'>quom</span> <span class='ocrx_word' id='word_1_375' title='bbox 380 2366 706 2417; x_wconf 84' lang='lat' dir='ltr'>indignabuntur,</span> <span class='ocrx_word' id='word_1_376' title='bbox 730 2368 858 2407; x_wconf 89' lang='lat' dir='ltr'>omnia</span> <span class='ocrx_word' id='word_1_377' title='bbox 878 2368 1054 2407; x_wconf 87' lang='lat' dir='ltr'>funditus</span> <span class='ocrx_word' id='word_1_378' title='bbox 1075 2368 1243 2415; x_wconf 88' lang='lat' dir='ltr'>misceri,</span> <span class='ocrx_word' id='word_1_379' title='bbox 1265 2368 1436 2419; x_wconf 82' lang='lat' dir='ltr'>antiquis</span> <span class='ocrx_word' id='word_1_380' title='bbox 1459 2368 1550 2406; x_wconf 78' lang='lat' dir='ltr'>civi-</span> 
     </span>
    </p>
   </div>
   <div class='ocr_carea' id='block_1_12' title="bbox 125 2465 1551 2599">
    <p class='ocr_par' dir='ltr' id='par_1_14' title="bbox 125 2465 1551 2599">
     <span class='ocr_line' id='line_1_47' title="bbox 215 2465 1551 2516; baseline -0.001 -17"><span class='ocrx_word' id='word_1_381' title='bbox 215 2468 237 2499; x_wconf 86' lang='lat'>4</span> <span class='ocrx_word' id='word_1_382' title='bbox 262 2465 362 2508; x_wconf 87' lang='lat' dir='ltr'>quein</span> <span class='ocrx_word' id='word_1_383' title='bbox 388 2468 425 2507; x_wconf 76' lang='lat' dir='ltr'>(s.</span> <span class='ocrx_word' id='word_1_384' title='bbox 442 2477 467 2498; x_wconf 81' lang='lat' dir='ltr'>s.</span> <span class='ocrx_word' id='word_1_385' title='bbox 487 2465 580 2516; x_wconf 79' lang='lat' dir='ltr'>quin)</span> <span class='ocrx_word' id='word_1_386' title='bbox 599 2465 631 2497; x_wconf 99' lang='lat' dir='ltr'><em>V</em></span> <span class='ocrx_word' id='word_1_387' title='bbox 645 2465 696 2508; x_wconf 77' lang='grc'>[19</span> <span class='ocrx_word' id='word_1_388' title='bbox 722 2476 849 2499; x_wconf 87' lang='lat' dir='ltr'>merore</span> <span class='ocrx_word' id='word_1_389' title='bbox 867 2467 900 2499; x_wconf 87' lang='lat' dir='ltr'><em>V</em></span> <span class='ocrx_word' id='word_1_390' title='bbox 917 2466 928 2510; x_wconf 74' lang='lat' dir='ltr'>H</span> <span class='ocrx_word' id='word_1_391' title='bbox 946 2467 1066 2509; x_wconf 86' lang='lat' dir='ltr'>quaein</span> <span class='ocrx_word' id='word_1_392' title='bbox 1094 2474 1130 2503; x_wconf 65' lang='lat' dir='ltr'>ts.</span> <span class='ocrx_word' id='word_1_393' title='bbox 1147 2478 1173 2499; x_wconf 81' lang='lat' dir='ltr'>s.</span> <span class='ocrx_word' id='word_1_394' title='bbox 1193 2467 1286 2510; x_wconf 85' lang='lat' dir='ltr'>quin)</span> <span class='ocrx_word' id='word_1_395' title='bbox 1306 2466 1364 2510; x_wconf 68' lang='lat' dir='ltr'>V1·</span> <span class='ocrx_word' id='word_1_396' title='bbox 1384 2468 1425 2500; x_wconf 77' lang='lat'>23</span> <span class='ocrx_word' id='word_1_397' title='bbox 1452 2467 1551 2499; x_wconf 75' lang='lat' dir='ltr'>armis</span> 
     </span>
     <span class='ocr_line' id='line_1_48' title="bbox 126 2510 1551 2555; baseline 0.001 -13"><span class='ocrx_word' id='word_1_398' title='bbox 126 2510 167 2545; x_wconf 91' lang='lat' dir='ltr'><em>V</em></span> <span class='ocrx_word' id='word_1_399' title='bbox 193 2510 282 2543; x_wconf 87' lang='lat' dir='ltr'>aruis</span> <span class='ocrx_word' id='word_1_400' title='bbox 305 2510 427 2542; x_wconf 72' lang='lat' dir='ltr'>Bou-511</span> <span class='ocrx_word' id='word_1_401' title='bbox 453 2510 465 2552; x_wconf 65' lang='lat'>{1</span> <span class='ocrx_word' id='word_1_402' title='bbox 487 2511 534 2542; x_wconf 77' lang='lat' dir='ltr'>rei</span> <span class='ocrx_word' id='word_1_403' title='bbox 560 2511 676 2552; x_wconf 82' lang='lat' dir='ltr'>egens]</span> <span class='ocrx_word' id='word_1_404' title='bbox 703 2511 820 2552; x_wconf 79' lang='lat' dir='ltr'>iegens</span> <span class='ocrx_word' id='word_1_405' title='bbox 845 2514 882 2543; x_wconf 75' lang='lat' dir='ltr'>in</span> <span class='ocrx_word' id='word_1_406' title='bbox 907 2523 1035 2544; x_wconf 76' lang='lat' dir='ltr'>rasura</span> <span class='ocrx_word' id='word_1_407' title='bbox 1062 2512 1092 2544; x_wconf 87' lang='lat' dir='ltr'><em>l</em></span> <span class='ocrx_word' id='word_1_408' title='bbox 1109 2512 1120 2555; x_wconf 78' lang='lat' dir='ltr'>[l</span> <span class='ocrx_word' id='word_1_409' title='bbox 1147 2514 1187 2546; x_wconf 84' lang='lat'>30</span> <span class='ocrx_word' id='word_1_410' title='bbox 1214 2512 1337 2544; x_wconf 83' lang='lat' dir='ltr'>anartis</span> <span class='ocrx_word' id='word_1_411' title='bbox 1363 2514 1412 2552; x_wconf 80' lang='lat' dir='ltr'>(m</span> <span class='ocrx_word' id='word_1_412' title='bbox 1437 2522 1551 2554; x_wconf 80' lang='lat' dir='ltr'>marg.</span> 
     </span>
     <span class='ocr_line' id='line_1_49' title="bbox 125 2554 832 2599; baseline 0 -11"><span class='ocrx_word' id='word_1_413' title='bbox 125 2556 160 2588; x_wconf 90' lang='lat' dir='ltr'>in</span> <span class='ocrx_word' id='word_1_414' title='bbox 185 2555 278 2596; x_wconf 85' lang='lat' dir='ltr'>artis)</span> <span class='ocrx_word' id='word_1_415' title='bbox 304 2555 341 2588; x_wconf 91' lang='lat' dir='ltr'><em>V</em></span> <span class='ocrx_word' id='word_1_416' title='bbox 351 2554 362 2599; x_wconf 70' lang='lat' dir='ltr'>l}</span> <span class='ocrx_word' id='word_1_417' title='bbox 383 2557 424 2589; x_wconf 80' lang='lat'>38</span> <span class='ocrx_word' id='word_1_418' title='bbox 452 2566 552 2599; x_wconf 89' lang='lat' dir='ltr'>quom</span> <span class='ocrx_word' id='word_1_419' title='bbox 579 2558 615 2596; x_wconf 79' lang='lat' dir='ltr'>(s.</span> <span class='ocrx_word' id='word_1_420' title='bbox 641 2566 666 2588; x_wconf 82' lang='lat' dir='ltr'>s</span> <span class='ocrx_word' id='word_1_421' title='bbox 693 2556 832 2597; x_wconf 67' lang='lat' dir='ltr'>cum)ls</span> 
     </span>
    </p>
   </div>
  </div>
 </body>
</html>
