1709 2885
60 700 98 732 10

56 981 94 1013 15

53 1262 95 1295 20

56 1543 97 1576 25

58 2107 98 2139 35

60 2388 102 2420 40

633 83 688 116 DE
713 83 767 116 RE
793 82 973 116 PUBLICA
997 82 1023 115 11
1465 79 1542 117 141

126 188 297 227 hostium
324 187 483 226 militiae
514 187 617 226 domi
652 186 819 225 factione
848 185 1028 224 instructi
1055 196 1127 235 per
1153 183 1377 234 superbiam
1397 183 1548 222 cunctis
1571 188 1616 222 11

128 244 311 294 gentibus
326 244 593 282 moderantur.
635 243 765 293 itaque
781 248 922 294 patres,
940 252 1108 291 quorum
1125 240 1288 278 consilio
1306 246 1417 279 antea
1431 238 1546 277 dubia

126 312 190 339 res
210 300 366 351 publica
395 299 680 346 stabiliebatur,
711 298 891 350 oppressi
919 309 965 336 ex
993 296 1117 335 aliena
1146 296 1304 334 libidine
1334 296 1411 334 huc
1431 302 1547 346 atque

126 356 220 395 illuc
239 357 473 395 fluctuantes
494 355 706 406 agitantur:
738 355 933 393 interdum
966 353 1037 391 alia
1057 352 1196 391 deinde
1217 352 1288 391 alia
1310 352 1527 391 decernunt
1536 363 1546 398 ;

127 413 183 451 uti
206 424 355 455 eorum,
388 412 455 463 qui
476 411 745 457 dominantur,
775 410 949 449 simultas
979 414 1044 448 aut
1065 409 1185 459 gratia
1207 410 1306 455 fert,
1327 408 1378 446 ita
1398 408 1546 446 bonum

126 469 348 520 malumque
369 468 570 519 publicum
602 473 829 506 aestumant.
871 465 1010 517 quodsi
1038 472 1105 504 aut
1133 465 1290 503 libertas
1319 477 1440 515 aequa
1462 476 1546 502 om·
1570 471 1588 503 2

126 525 236 563 nium
256 531 322 563 aut
343 525 534 564 sententia
556 522 761 562 obscurior
783 530 896 568 esset,
917 521 1129 561 maioribus
1151 521 1291 573 opibus
1312 533 1375 559 res
1391 520 1546 571 publica

126 586 163 619 et
182 581 313 619 minus
334 587 474 632 potens
496 579 677 618 nobilitas
699 585 812 618 esset.
853 579 918 617 sed
952 578 1137 630 quoniam
1158 577 1364 628 coaequari
1384 576 1546 627 gratiam
1570 583 1588 616 3

125 636 300 675 omnium
322 636 475 675 difficile
499 642 568 683 est,
591 636 736 688 quippe
758 648 845 674 cum
869 635 944 673 illis
963 635 1154 673 maiorum
1175 634 1298 672 virtus
1314 639 1463 684 partam
1484 645 1548 671 re-

126 693 286 743 liquerit
306 693 467 743 gloriam
489 692 713 742 dignitatem
735 691 953 737 clientelas,
984 697 1111 730 cetera
1130 690 1338 729 multitudo
1361 689 1548 740 pleraque

124 749 292 788 insiticia
320 750 389 795 sit,
419 748 632 787 sententias
654 760 787 787 eorum
818 760 838 785 a
859 754 962 786 metu
993 748 1132 786 libera:
1165 747 1216 785 ita
1237 747 1277 785 in
1300 746 1452 785 occulto
1473 745 1548 784 sibi

125 806 292 856 quisque
312 805 470 844 alterius
499 805 673 855 potentia
695 805 822 843 carior
850 804 933 842 erit.
974 804 1130 843 libertas
1150 804 1254 842 iuxta
1275 802 1388 841 bonis
1410 809 1448 842 et
1467 814 1548 840 ma·
1571 809 1590 840 4

122 862 184 909 lis,
205 861 376 900 strenuis
393 867 507 911 atque
522 861 669 910 ignavis
686 860 866 911 optabilis
883 866 953 898 est.
993 873 1127 899 verum
1144 872 1226 898 earn
1248 859 1425 910 plerique
1441 864 1547 897 metu

125 918 323 956 deserunt.
371 916 589 956 stultissimi
617 917 821 963 mortales,
851 916 955 967 quod
984 917 1023 955 in
1055 916 1264 956 certamine
1294 915 1454 954 dubium
1475 920 1547 961 est,

125 985 314 1025 quorsum
335 973 494 1020 aecidat,
517 973 553 1011 id
576 986 646 1024 per
661 973 838 1012 inertiam
860 974 900 1011 in
923 986 964 1011 se
986 974 1095 1023 quasi
1115 973 1203 1011 victi
1226 972 1433 1023 recipiunt.
1474 970 1547 1021 igi·
1571 979 1590 1009 5

123 1036 187 1068 tur
223 1030 372 1069 duabus
408 1029 524 1068 rebus
556 1030 776 1068 confirmari
814 1042 929 1080 posse
957 1036 1132 1068 senatum
1162 1035 1277 1080 puto:
1316 1028 1347 1066 si
1382 1039 1548 1066 numero

122 1091 260 1125 auctus
281 1098 352 1137 per
371 1086 550 1125 tabellam
579 1087 808 1125 sententiam
836 1086 946 1124 feret.
987 1086 1126 1125 tabella
1148 1085 1324 1124 obtentui
1347 1084 1438 1130 erit,
1469 1096 1548 1134 quo

123 1142 246 1193 magis
267 1142 395 1181 animo
417 1142 539 1181 libero
561 1142 686 1181 facere
708 1143 856 1181 audeat:
874 1143 915 1180 in
931 1143 1182 1181 multitudine
1204 1147 1242 1180 et
1262 1141 1444 1192 praesidii
1459 1140 1548 1191 plus

124 1204 163 1237 et
183 1211 276 1237 usus
297 1198 462 1250 amplior
484 1205 552 1237 est.
603 1211 692 1237 nam
719 1200 800 1237 sere
821 1198 882 1237 his
901 1199 1197 1250 tempestatibus
1216 1198 1280 1237 alii
1300 1197 1454 1236 iudiciis
1474 1209 1548 1247 pu·
1571 1203 1591 1236 6

123 1255 255 1301 blicis,
277 1255 339 1293 alii
361 1255 518 1306 privatis
547 1255 628 1294 suis
648 1261 764 1305 atque
792 1255 1005 1294 amicorum
1034 1255 1201 1306 negotiis
1230 1254 1418 1305 inplicati,
1446 1252 1550 1292 haud

125 1324 217 1350 sane
237 1311 294 1350 rei
314 1311 495 1362 publicae
518 1311 690 1350 consiliis
711 1312 941 1358 adfuerunt;
964 1324 1092 1362 neque
1114 1324 1181 1350 eos
1202 1311 1324 1361 magis
1345 1309 1549 1361 occupatio

125 1379 241 1418 quam
258 1367 425 1418 superba
440 1368 602 1419 imperia
616 1367 894 1406 distinuerunt.
936 1368 1114 1407 homines
1131 1367 1282 1407 nobiles
1304 1379 1392 1405 cum
1414 1366 1549 1417 paucis

127 1424 346 1471 senatoriis,
368 1436 466 1474 quos
488 1424 744 1463 additamenta
764 1424 944 1463 factionis
965 1424 1120 1471 habent,
1144 1435 1415 1475 quaecumque
1436 1422 1550 1462 libuit

124 1480 291 1532 probare
312 1480 599 1531 reprehendere
620 1481 844 1527 decernere,
867 1493 922 1526 ea,
944 1480 1000 1518 uti
1020 1481 1153 1519 lubido
1174 1480 1275 1523 tulit,
1296 1481 1438 1518 fecere.
1485 1492 1550 1518 ve·
1573 1488 1590 1519 ἵ

126 1548 213 1578 rum
234 1536 300 1575 ubi
323 1548 486 1575 numero
509 1543 734 1575 senatorum
755 1542 867 1575 aucto
889 1549 961 1587 per
983 1537 1158 1575 tabellam
1181 1536 1396 1576 sententiae
1418 1535 1551 1574 dicen-

123 1599 201 1640 tur,
223 1605 272 1631 ne
293 1592 349 1630 illi
378 1592 600 1644 superbiam
632 1605 740 1631 suam
761 1593 968 1639 dimittent,
1000 1593 1065 1632 ubi
1086 1594 1134 1632 iis
1156 1593 1443 1632 oboediendum
1466 1592 1551 1638 erit,

125 1649 268 1700 quibus
287 1654 399 1688 antea
419 1648 684 1688 crudelissime
705 1649 991 1700 imperitabant.

237 1705 428 1753 Forsitan,
451 1705 674 1755 imperator,
692 1705 873 1756 perlectis
894 1705 1032 1744 litteris
1048 1706 1256 1750 desideres,
1280 1718 1397 1756 quem
1412 1717 1551 1744 nume·
1575 1708 1622 1743 12

126 1773 213 1801 rum
241 1768 464 1800 senatorum
489 1761 573 1799 fieri
595 1761 763 1812 placeat,
794 1773 952 1812 quoque
980 1762 1095 1799 modo
1127 1762 1159 1800 is
1190 1762 1228 1799 in
1251 1761 1370 1801 multa
1392 1768 1427 1800 et
1449 1762 1552 1800 varia

127 1818 252 1857 officia
291 1817 565 1864 distribuatur;
606 1817 746 1856 iudicia
785 1818 969 1868 quoniam
1008 1817 1189 1857 omnibus
1233 1818 1380 1869 primae
1418 1818 1551 1857 classis

127 1874 403 1913 committenda
433 1879 588 1923 putem,
621 1886 719 1924 quae
752 1874 972 1924 discriptio,
1004 1874 1093 1924 quei
1123 1886 1310 1913 numerus
1331 1874 1371 1913 in
1394 1887 1551 1926 quoque

129 1942 271 1980 genere
299 1930 455 1968 futurus
478 1929 540 1967 sit.
583 1942 625 1968 ea
664 1930 759 1968 mihi
793 1930 920 1969 onmia
952 1930 1164 1980 generatim
1205 1930 1417 1969 discribere
1447 1931 1549 1970 haud
1574 1937 1593 1969 2

128 1986 283 2025 difficile
310 1987 414 2025 factu
446 1985 540 2033 fuit;
572 1985 637 2024 sed
668 1987 778 2037 prius
807 1987 1061 2025 laborandum
1090 1987 1214 2025 visum
1246 1993 1303 2025 est
1334 1987 1380 2026 de
1402 1999 1551 2026 summa

128 2042 294 2089 consilii,
324 2042 440 2092 idque
461 2041 532 2080 tibi
551 2041 795 2093 probandum
813 2055 945 2082 verum
968 2055 1063 2082 esse.
1106 2043 1138 2082 si
1153 2043 1228 2082 hoc
1249 2043 1388 2082 itinere
1408 2044 1463 2083 uti
1485 2044 1552 2083 de-

129 2097 318 2145 creveris,
350 2104 477 2136 cetera
506 2098 545 2136 in
583 2105 768 2150 promptu
798 2105 925 2138 erunt.
965 2099 1051 2137 volo
1082 2111 1153 2149 ego
1192 2100 1399 2139 consilium
1420 2112 1552 2139 meum
1575 2107 1594 2139 3

126 2155 301 2207 prudens
316 2166 573 2204 maxumeque
594 2155 680 2194 usui
697 2168 794 2195 esse.
836 2168 925 2195 nam
942 2156 1179 2207 ubicumque
1195 2156 1263 2194 tibi
1280 2169 1343 2195 res
1360 2168 1552 2207 prospere

130 2211 259 2259 cedet,
295 2210 348 2249 ibi
379 2209 474 2248 mihi
504 2210 606 2250 bona
634 2212 732 2250 fama
765 2212 927 2251 eveniet.
982 2212 1049 2251 sed
1069 2224 1131 2251 me
1162 2212 1226 2252 illa
1256 2213 1378 2263 magis
1408 2213 1551 2264 cupido
1575 2220 1594 2251 4

130 2273 304 2314 exercet,
335 2273 377 2305 ut
400 2278 649 2319 quocumque
669 2268 784 2307 modo
807 2281 922 2319 quam
950 2268 1122 2320 primum
1143 2281 1205 2308 res
1226 2269 1380 2321 publica
1401 2270 1551 2308 adiute—

128 2329 206 2362 tur.
249 2323 464 2362 libertatem
487 2322 607 2373 gloria
639 2325 828 2364 cariorem
856 2325 993 2372 habe0,
1015 2332 1130 2376 atque
1152 2337 1223 2376 ego
1244 2333 1282 2365 te
1304 2338 1372 2364 oro
1394 2326 1553 2365 hortor-
1575 2333 1593 2364 5

131 2392 208 2430 que
236 2392 286 2418 ne
311 2379 562 2418 clarissumus
591 2380 802 2432 imperator
831 2380 973 2420 Gallica
995 2388 1110 2431 gente
1138 2381 1295 2420 subacta
1317 2382 1452 2433 populi
1472 2382 1552 2420 Ro-

222 2482 241 2512 5
259 2478 325 2511 fert
340 2479 463 2519 Aldus,
481 2479 584 2511 fertur
603 2479 660 2521 ΓΠ
680 2481 698 2512 8
717 2480 824 2521 gratia
837 2480 896 2524 Vl}
921 2482 956 2513 13
976 2480 1135 2513 obtabilis
1153 2481 1190 2513 l*
1203 2480 1214 2524 Η
1235 2483 1272 2513 15
1292 2480 1421 2513 aecidat
1439 2492 1484 2513 εει·
1501 2491 1555 2514 ac-

132 2523 213 2557 cidit
231 2523 289 2565 Vll
310 2525 350 2557 18
368 2523 490 2556 audeat
507 2535 551 2555 ear
572 2523 683 2557 audiat
703 2525 760 2567 I'ss
781 2527 821 2558 22
840 2525 1003 2558 distinuei
1021 2537 1066 2558 eat
1089 2525 1262 2558 destinuef
1281 2526 1299 2558 I·
1306 2526 1317 2530 ⁷
1330 2524 1342 2569 Η
1361 2528 1402 2559 24
1419 2526 1553 2568 probari

134 2569 196 2612 VH
212 2569 254 2602 30
267 2568 577 2613 distribuanturl'ss
598 2571 636 2603 31
655 2570 745 2612 quei]
761 2570 905 2613 quaeis*
917 2572 929 2614 ll
947 2573 986 2604 33
1006 2570 1163 2614 factfilf'fl
1181 2573 1222 2604 36
1241 2581 1285 2602 an
1303 2573 1553 2615 maxumoque?
