1709 2885
46 1641 83 1673 10

46 1921 82 1952 15

40 2199 79 2232 20

580 776 619 816 C.
643 779 884 819 SALLUSTI
915 778 1073 818 CRISPI

297 891 382 936 DE
422 890 942 938 CONIURATIONE
980 891 1352 938 CATILINAE

760 1013 893 1047 LIBER.

233 1127 369 1167 Omnis
390 1127 589 1173 homines,
612 1129 679 1179 qui
696 1140 781 1168 sese
801 1128 958 1166 student
980 1134 1175 1178 praestare
1197 1128 1336 1167 ceteris
1357 1127 1533 1167 animali-
1557 1134 1579 1167 1

114 1183 210 1230 bus,
232 1195 383 1222 summa
405 1196 479 1234 ope
500 1184 569 1222 niti
592 1185 702 1224 decet
722 1198 771 1224 ne
792 1185 905 1223 vitam
927 1184 1082 1222 silentio
1103 1189 1303 1222 transeant
1322 1185 1440 1223 veluti
1462 1197 1534 1236 pe-

117 1251 217 1287 cora,
241 1252 337 1290 quae
360 1245 496 1279 natura
517 1252 640 1291 prona
657 1247 773 1292 atque
788 1241 913 1280 ventri
932 1240 1176 1279 oboedientia
1192 1241 1313 1280 finxit.
1375 1241 1442 1280 sed
1461 1254 1532 1280 no·
1555 1249 1574 1280 2

115 1301 192 1334 stra
214 1296 341 1334 omnis
361 1296 417 1334 vis
438 1296 477 1334 in
500 1297 628 1335 animo
652 1303 689 1336 et
709 1309 875 1348 corpore
896 1297 966 1335 sita
988 1302 1067 1335 est:
1092 1296 1210 1335 animi
1232 1297 1396 1347 imperio
1411 1328 1420 1345 ‚
1444 1309 1532 1336 cor-

114 1353 221 1404 poris
250 1352 404 1391 servitio
436 1353 557 1403 magis
588 1355 755 1397 utimur;
788 1353 951 1392 alterum
981 1353 1093 1391 nobis
1127 1365 1215 1391 cum
1250 1353 1329 1401 dis,
1366 1353 1532 1392 alterum

117 1420 206 1448 cum
227 1408 352 1447 beluis
373 1420 579 1447 commune
601 1416 669 1448 est.
731 1421 808 1460 quo
829 1409 922 1447 mihi
939 1409 1083 1447 rectius
1098 1408 1249 1447 videtur
1265 1408 1398 1459 ingeni
1416 1422 1532 1460 quam
1555 1417 1574 1449 3

114 1464 252 1504 virium
283 1463 423 1515 opibus
446 1465 605 1515 gloriam
638 1477 824 1516 quaerere
846 1471 906 1513 et,
929 1464 1112 1515 quoniam
1133 1465 1207 1502 vita
1233 1465 1316 1516 ipsa
1337 1477 1412 1515 qua
1433 1466 1531 1504 frui-

113 1533 203 1560 mur
231 1520 357 1559 hrevis
387 1528 467 1567 est,
498 1522 724 1560 memoriam
755 1521 878 1559 nostri
908 1532 1023 1570 quam
1054 1532 1232 1559 maxume
1262 1521 1416 1571 longam
1448 1522 1530 1560 effi-

115 1589 213 1616 cere.
275 1589 362 1615 nam
393 1577 609 1616 divitiarum
641 1584 677 1616 et
707 1578 854 1615 formae
884 1576 1004 1626 gloria
1025 1577 1127 1615 ssuxa
1148 1585 1263 1628 atque
1289 1577 1436 1628 fragilis
1459 1583 1528 1627 est,
1553 1586 1572 1616 4

112 1634 232 1673 virtus
253 1633 352 1671 clara
373 1640 607 1684 aeternaque
627 1633 803 1672 habetur.

226 1689 301 1729 Sed
331 1689 396 1728 diu
426 1702 610 1740 magnum
641 1690 743 1728 inter
770 1689 943 1728 mortalis
974 1695 1169 1728 certamen
1200 1689 1294 1736 fuit,
1323 1689 1414 1728 vine
1441 1701 1527 1728 cor·
1551 1698 1570 1729 5

111 1747 218 1797 poris
247 1758 295 1785 an
325 1746 466 1785 virtute
497 1746 614 1784 animi
637 1759 699 1784 res
720 1746 896 1784 militaris
926 1745 1047 1795 magis
1078 1745 1320 1796 procederet.
1381 1758 1469 1784 nam
1492 1752 1529 1785 et
1550 1753 1569 1785 6

108 1802 219 1853 prius
247 1814 360 1854 quam
390 1802 553 1853 incipias
583 1802 763 1840 consulto
796 1809 832 1840 et
861 1801 926 1839 ubi
960 1802 1206 1840 consulueris
1240 1807 1390 1840 mature
1427 1802 1526 1840 sacto

109 1870 209 1909 opus
231 1863 300 1897 est.
362 1857 412 1896 ita
433 1864 643 1909 utrumque
665 1870 736 1908 per
757 1870 797 1896 se
818 1857 998 1907 indigens
1020 1857 1182 1896 alterum
1205 1857 1362 1895 alterius
1382 1858 1526 1897 auxilio
1551 1867 1568 1896 7

114 1919 212 1965 eget.
235 1914 354 1965 igitur
369 1913 480 1952 initio
494 1926 606 1964 reges
621 1937 678 1941 —
694 1926 782 1952 nam
797 1913 836 1952 in
854 1914 968 1953 terris
986 1926 1128 1952 nomen
1144 1914 1284 1964 imperi
1302 1913 1336 1951 id
1354 1914 1527 1965 primum
1552 1919 1575 1954 2

108 1970 245 2009 fuit—
256 1969 398 2009 divorsi
415 1981 504 2020 pars
515 1970 729 2020 ingenium,
740 1970 802 2009 alii
814 1983 957 2021 corpus
970 1969 1218 2009 exercebant:
1233 1970 1346 2009 etiam
1357 1977 1438 2008 tum
1451 1972 1525 2009 vita

108 2026 313 2066 hominum
334 2026 418 2064 sine
440 2026 650 2076 cupiditate
672 2026 886 2077 agitabatur
934 2039 1002 2065 sua
1026 2026 1168 2077 cuique
1190 2026 1281 2064 satis
1306 2027 1523 2077 placebant.

105 2088 240 2134 postea
271 2094 362 2121 vero
394 2095 508 2134 quam
537 2083 576 2121 in
609 2083 696 2122 Asia
728 2082 873 2134 Cyrus,
904 2084 942 2121 in
976 2081 1133 2121 Graecia
1163 2082 1457 2121 Lacedaemonii
1488 2089 1525 2122 et
1547 2091 1565 2122 2

108 2139 366 2178 Athenienses
397 2151 561 2190 coepere
591 2139 699 2178 urbis
729 2146 844 2190 atque
877 2139 1052 2178 nationes
1083 2139 1284 2188 subigere,
1306 2139 1523 2178 lubidinem

107 2195 332 2234 dominandi
362 2207 515 2234 causam
548 2195 637 2234 belli
666 2195 831 2243 hahere,
860 2208 1077 2235 maxumam
1100 2195 1260 2246 gloriam
1283 2195 1322 2233 in
1344 2208 1524 2234 maxumo

108 2250 271 2303 imperio
292 2258 443 2303 putare,
465 2256 545 2289 tum
568 2252 720 2290 demum
743 2252 917 2303 periculo
940 2258 1054 2302 atque
1076 2251 1243 2301 negotiis
1263 2257 1521 2305 compertum,

104 2307 145 2346 in
165 2308 266 2347 bello
289 2308 516 2359 plurumum
536 2308 736 2358 ingenium
757 2320 885 2360 posse.
947 2308 1086 2359 quodsi
1108 2319 1244 2358 regum
1265 2313 1381 2358 atque
1397 2309 1521 2359 impe·
1543 2316 1562 2348 3

195 2429 210 2461 1
241 2428 274 2462 C.
294 2428 513 2462 SALLVSTII
539 2427 672 2461 CRISPI
695 2428 866 2461 BELLVM
893 2420 1180 2461 CATVLINARIV
1206 2429 1360 2462 INCIPIT
1387 2430 1520 2463 OMNIS

101 2472 313 2506 HOMhNES
333 2474 451 2516 (HOMI
468 2475 503 2505 ιῖη
520 2475 659 2514 rasura)
677 2475 707 2506 P
721 2474 733 2515 ΙΙ
750 2476 769 2507 2
787 2477 935 2507 transeat
961 2477 1077 2516 (super
1098 2478 1111 2506 t
1135 2475 1276 2514 finalem
1301 2478 1416 2508 neseio
1435 2477 1522 2518 quid

102 2520 254 2558 erasum)
266 2520 296 2551 P
312 2518 323 2563 [Ι
340 2522 359 2553 6
377 2529 452 2552 esse
471 2518 603 2551 uidetur
615 2518 679 2555 PC,
692 2519 826 2552 uidetur
843 2529 916 2552 esse
932 2519 966 2561 C,
980 2529 1054 2552 esse
1068 2529 1134 2552 om.
1151 2531 1170 2551 z
1186 2522 1198 2563 η
1223 2522 1260 2552 14
1274 2520 1388 2553 auxilii
1403 2521 1521 2554 Scleol.

101 2563 207 2596 Bern.
233 2563 338 2606 Verg.
368 2565 424 2597 Ge.
451 2564 482 2603 2,
500 2563 544 2597 28
570 2563 620 2596 ed.
645 2564 733 2605 Hag.

1207 2620 1243 2653 1*
