1709 2885
160 67 237 106 134
477 71 648 106 INCERTI
673 71 934 106 SALLUSTIUS
959 72 1016 106 AD
1041 71 1272 106 CAESAREM

155 182 198 214 tu
219 174 366 214 mederi
397 180 507 226 potes
536 182 602 215 aut
631 176 841 215 omittenda
873 181 933 214 est
962 188 1054 215 cura
1084 175 1279 215 omnibus.
1321 189 1449 228 neque
1469 177 1578 228 quis·

155 242 270 282 quam
293 238 329 270 te
352 231 397 269 ad
420 232 587 272 crudelis
609 245 754 284 poenas
775 239 841 272 aut
856 232 993 272 acerba
1009 233 1149 272 iudicia
1172 233 1335 279 invocat,
1357 234 1501 284 quibus
1522 234 1578 273 ci-

153 286 248 326 vitas
270 293 438 327 vastatur
458 289 581 339 magis
611 301 726 340 quam
758 289 987 338 corrigitur,
1018 289 1084 328 sed
1108 296 1150 328 ut
1170 301 1305 340 pravas
1326 290 1419 329 artis
1439 290 1577 330 malas-

111 350 130 380 5
154 354 231 393 que
253 343 433 384 libidines
453 345 499 383 ab
523 346 721 384 iuventute
738 345 957 397 prohibeas.
999 358 1042 385 ea
1064 358 1149 384 vera
1168 346 1371 385 clementia
1387 347 1461 385 erit
1481 359 1577 386 con-

152 399 332 447 suluisse,
355 413 404 439 ne
426 402 562 440 merito
585 401 686 440 cives
709 402 830 453 patria
860 402 1162 453 expellerentur,
1183 403 1392 442 retinuisse
1411 403 1459 442 ab
1480 403 1578 442 stul·
1607 410 1626 442 5

150 455 231 494 titia
252 462 290 495 et
311 457 417 496 falsis
439 458 712 509 voluptatibus,
735 470 868 509 pacem
899 466 937 497 et
957 459 1204 498 concordiam
1233 459 1474 508 stabilivisse,
1496 472 1577 499 non

151 512 183 550 si
205 512 343 563 flagitis
366 522 591 564 opsecutns,
626 515 763 553 delicta
795 527 1007 566 perpessus
1036 528 1221 566 praesens
1251 516 1434 566 gaudium
1456 528 1575 567 quom

151 581 239 607 mox
262 570 392 608 futuro
415 571 515 610 malo
537 571 792 610 concesseris.

106 629 125 663 7
264 628 317 664 Ac
347 627 440 665 mihi
471 627 644 674 animus,
672 627 815 678 quibus
846 628 961 666 rebus
981 627 1043 667 alii
1073 628 1231 673 timent,
1255 640 1432 667 maxume
1453 629 1575 668 fretus

150 688 227 720 est:
251 683 396 733 negotii
419 684 687 734 magnitudine
708 690 745 723 et
766 684 855 734 quia
877 684 945 723 tibi
968 691 1090 723 terrae
1114 691 1150 723 et
1171 685 1289 723 maria
1312 685 1427 723 simul
1443 685 1574 724 omnia
1607 692 1644 724 10

149 739 420 790 componenda
442 747 546 779 sunt.
588 740 735 791 quippe
757 753 819 780 res
842 753 976 791 parvas
998 748 1145 780 tantum
1169 741 1369 791 ingenium
1385 741 1576 792 attingere

105 801 124 833 2
149 795 366 846 nequeiret‚
385 808 546 847 magnae
557 809 673 835 curae
683 809 819 848 magna
836 810 984 837 merces
998 804 1068 836 est.
1111 798 1228 847 igitur
1238 798 1440 848 provideas
1457 810 1576 849 opor-

147 857 213 898 tet,
237 851 293 890 uti
322 852 434 903 pleps
464 853 737 904 largitionibus
766 861 803 893 et
824 854 982 905 publico
1017 854 1215 893 frumento
1237 861 1422 905 corrupta
1438 855 1576 894 habeat

148 908 301 958 negotia
325 921 406 956 sua,
430 909 572 960 quibus
594 910 640 948 ab
662 910 761 949 malo
793 910 949 961 publico
979 911 1215 949 detineatur:
1239 911 1418 949 iuventus
1440 910 1573 962 prohi-

104 970 122 1002 3
145 964 210 1003 tati
234 972 272 1004 et
293 965 528 1011 industriae,
567 978 643 1005 non
676 967 896 1018 sumptibus
928 980 1056 1018 neque
1087 966 1228 1005 divitiis
1259 968 1420 1006 studeat.
1462 967 1500 1006 id
1522 968 1573 1006 ita
1607 974 1643 1006 15

145 1021 306 1068 eveniet,
328 1022 360 1060 si
390 1023 593 1073 pecuniae,
618 1035 716 1074 quae
745 1036 922 1063 maxuma
951 1024 1127 1061 omnium
1149 1023 1344 1073 pernicies
1366 1030 1435 1070 est,
1458 1037 1573 1064 usum

101 1082 121 1114 4
144 1083 260 1128 atque
282 1078 400 1118 decus
421 1078 650 1130 dempseris.
694 1092 781 1118 nam
803 1093 918 1130 saepe
950 1092 1020 1130 ego
1054 1091 1172 1130 quom
1194 1079 1322 1118 animo
1344 1091 1430 1118 meo
1452 1092 1573 1131 repu-

144 1139 230 1172 tans
260 1134 403 1185 quibus
434 1135 601 1186 quisque
632 1136 749 1175 rebus
783 1136 875 1175 clari
905 1136 972 1175 viri
1003 1135 1310 1186 magnitudinem
1333 1136 1574 1176 invenissent

142 1202 321 1241 quaeque
351 1204 414 1230 res
443 1193 612 1243 populos
644 1193 867 1231 nationesve
897 1193 1048 1243 magnis
1079 1192 1257 1230 auctibus
1283 1192 1501 1240 auxissent,
1528 1205 1573 1232 ac

143 1247 282 1286 deinde
310 1247 454 1298 quibus
484 1249 610 1287 causis
641 1249 877 1300 amplissima
908 1260 1025 1299 regna
1057 1256 1094 1287 et
1123 1249 1284 1299 imperia
1306 1250 1570 1298 conruissent,
1601 1256 1641 1290 20

141 1303 271 1342 eadem
304 1316 459 1355 semper
488 1305 588 1343 bona
618 1311 733 1356 atque
765 1305 862 1344 mala
885 1305 1148 1356 reperiebam,
1170 1317 1386 1356 omnesque
1407 1307 1572 1346 victores

97 1365 116 1397 5
140 1359 287 1398 divitias
309 1362 592 1412 contempsisse
615 1368 652 1400 et
680 1362 800 1401 victos
829 1362 1033 1413 cupivisse.
1076 1374 1204 1412 neque
1234 1362 1344 1402 aliter
1364 1362 1571 1414 quisquam

117 1458 120 1461 ,
140 1415 325 1456 extollere
346 1430 432 1456 sese
454 1424 491 1456 et
511 1419 639 1457 divina
660 1419 834 1458 mortalis
855 1420 1047 1469 attingere
1069 1424 1208 1470 potest,
1232 1419 1306 1457 nisi
1324 1419 1478 1458 omissis
1499 1432 1570 1472 pe-

139 1473 278 1512 cuniae
300 1479 338 1512 et
359 1475 536 1525 corporis
558 1476 708 1525 gaudiis
730 1475 858 1514 animo
881 1476 1112 1526 i1ululgenS‚
1136 1487 1214 1514 non
1238 1475 1476 1515 adsentando
1498 1488 1568 1515 ne-

138 1541 213 1580 que
235 1530 445 1581 concupita
468 1531 707 1581 praebendo,
739 1543 960 1582 perversam
984 1532 1142 1582 gratiam
1166 1532 1409 1582 gratificans,
1434 1533 1500 1571 sed
1525 1532 1565 1571 in
1597 1540 1635 1572 25

137 1585 267 1624 labore
285 1587 469 1637 patientia
483 1587 678 1637 bonisque
700 1589 918 1639 praeceptis
937 1595 974 1627 et
997 1588 1105 1626 sactis
1121 1587 1288 1627 fortibus
1306 1589 1565 1628 exercitando.

90 1644 113 1680 8
249 1642 343 1681 Nam
367 1643 523 1682 domum
546 1651 613 1682 aut
633 1644 758 1683 villam
782 1651 995 1686 exstruere.
1026 1656 1107 1683 eam
1130 1644 1252 1695 signis
1273 1645 1418 1684 aulaeis
1439 1645 1566 1684 alieis-

136 1710 212 1749 qne
243 1699 429 1750 operibus
459 1712 646 1739 exornare
676 1706 713 1739 et
742 1701 870 1740 omnia
900 1701 1033 1752 potius
1065 1713 1177 1752 quam
1208 1707 1330 1740 semet
1363 1701 1565 1741 visendum

136 1755 301 1802 efficere,
326 1755 360 1793 id
383 1762 440 1794 est
463 1769 542 1794 non
565 1757 712 1795 divitias
735 1757 865 1796 decori
894 1757 1059 1804 habere,
1083 1757 1148 1796 sed
1173 1758 1300 1808 ipsum
1323 1758 1398 1796 illis
1420 1758 1565 1809 flagitio

93 1815 112 1848 2
137 1823 234 1850 esse.
286 1824 405 1863 porro
428 1813 475 1859 ei,
499 1813 644 1863 quibus
666 1814 724 1852 liis
754 1813 814 1852 die
836 1821 1009 1853 ventrem
1031 1826 1208 1860 onerare,
1243 1814 1388 1853 nullam
1410 1822 1563 1854 noctem
1595 1823 1634 1856 30

135 1868 221 1907 sine
242 1874 372 1907 scorto
396 1869 597 1920 quiescere
619 1882 704 1909 mos
726 1876 794 1916 est,
819 1870 884 1909 ubi
907 1871 1079 1909 animum
1102 1883 1216 1922 quem
1239 1871 1430 1910 dominari
1452 1871 1564 1910 dece-

135 1923 211 1971 bat,
233 1926 390 1964 servitio
407 1938 653 1977 oppressere,
676 1927 936 1978 nequeiquam
955 1939 1000 1966 eo
1023 1933 1156 1978 postea
1174 1927 1302 1966 hebeti
1323 1933 1438 1978 atque
1459 1928 1564 1967 clau-

92 1986 111 2018 3
135 1981 183 2019 do
207 1993 278 2032 pro
295 1982 464 2022 exercito
489 1983 541 2020 uti
565 1982 712 2021 volunt.
751 1996 837 2022 nam
856 1983 1104 2035 inprudentia
1124 1983 1310 2034 pleraque
1332 1989 1369 2022 et
1389 1996 1430 2023 se
1451 1996 1566 2036 prae-

135 2038 280 2089 cipitat.
322 2051 454 2077 verum
478 2040 571 2077 haec
593 2045 629 2077 et
645 2040 772 2078 omnia
796 2040 891 2078 mala
914 2040 1059 2091 pariter
1083 2052 1170 2078 cum
1194 2041 1343 2079 honore
1372 2041 1564 2092 pecuniae

134 2094 327 2142 desinent,
349 2095 379 2133 si
404 2108 533 2146 neque
555 2096 802 2145 magistratus
826 2109 952 2147 neque
975 2097 1046 2135 alia
1062 2096 1174 2147 volgo
1197 2097 1389 2148 cupienda
1415 2097 1563 2136 venalia
1591 2105 1630 2138 35

90 2155 111 2186 4
134 2157 261 2190 erunt.
304 2151 349 2190 ad
376 2152 449 2190 hoc
471 2152 752 2203 providendum
776 2159 834 2191 est
854 2153 945 2201 tibi,
977 2165 1147 2204 quonam
1172 2154 1288 2192 modo
1310 2153 1414 2192 Italia
1446 2159 1564 2204 atque

91 2211 110 2243 5
134 2207 356 2258 provinciae
379 2208 543 2247 tutiores
563 2209 660 2252 sin1;
685 2209 722 2248 id
744 2209 847 2259 quod
869 2210 971 2248 sactu
996 2209 1097 2248 haud
1120 2210 1329 2249 obscurum
1351 2217 1421 2250 est.
1473 2222 1563 2249 nam

222 2310 240 2340 5
267 2307 386 2339 merito
414 2307 453 2347 V,
479 2308 574 2349 qnod
600 2308 804 2340 Get-lachim
829 2309 897 2347 (ed.
923 2320 954 2340 a.
982 2309 1084 2347 1950)
1115 2311 1194 2341 iure
1226 2312 1361 2349 tuetur,
1395 2309 1560 2342 immerito

131 2352 243 2384 Aldus
270 2351 282 2394 Ι]
307 2352 391 2385 ciuis
417 2353 454 2384 V
474 2352 485 2395 ῙΙ
511 2355 527 2383 7
556 2363 658 2395 quom
685 2353 736 2385 V:
769 2355 826 2386 hic
858 2357 890 2385 el
914 2352 1014 2392 infr-a
1048 2366 1077 2386 υ.
1105 2355 1164 2396 17,
1197 2357 1315 2396 itaque
1343 2357 1560 2397 praepositio

131 2399 264 2439 scripta
290 2399 325 2429 ln
351 2397 470 2430 codice
493 2398 733 2431 Hister-Iuram
758 2399 836 2431 Vae.
863 2399 925 2431 col.
947 2401 976 2439 1,
998 2399 1037 2432 19
1063 2401 1124 2431 nbi
1147 2411 1176 2432 zv.
1202 2399 1318 2432 adnot.
1339 2399 1351 2442 ΙΙ
1372 2401 1406 2432 11
1437 2410 1559 2442 paruas

131 2442 254 2483 Aldus,
279 2452 400 2485 pranas
426 2443 487 2485 Vll
514 2445 552 2476 12
585 2444 758 2486 neque-iret
789 2446 936 2486 scripsi.-
973 2445 1124 2487 neq.¹iret
1157 2445 1199 2484 l’,
1231 2444 1385 2487 nequiret
1418 2443 1561 2490 vulgofi

136 2490 172 2520 17
207 2487 310 2521 decus
341 2489 521 2520 Asnlanus
554 2488 616 2526 (el'.
644 2501 672 2521 v.
701 2489 774 2531 34),
807 2488 953 2522 dedecus
980 2489 1017 2521 ls'
1037 2491 1048 2532 Η
1079 2492 1115 2523 19
1153 2489 1307 2522 auctibus
1342 2489 1560 2533 ciacconius,

130 2532 325 2566 auctoribus
355 2532 415 2576 ΓΗ
441 2536 482 2568 30
509 2533 557 2566 eis
584 2534 635 2567 l':
672 2545 754 2567 eave
777 2545 820 2566 ne
844 2537 1028 2577 antiquum
1054 2537 1311 2567 nominativum
1335 2535 1404 2567 eeis
1435 2546 1456 2567 α
1481 2537 1560 2570 rhe-

132 2581 208 2610 tore
228 2579 383 2620 positum
409 2589 480 2612 esse
500 2579 691 2623 peltz-³113?
719 2580 911 2622 obscurum]
939 2591 984 2612 απ
1012 2580 1217 2615 absurdum?
1242 2579 1286 2619 cf.
1310 2592 1344 2623 p.
1364 2580 1438 2622 139,
1459 2580 1501 2614 10

1693 0 1709 72 i

1698 72 1709 203 l

1703 1042 1708 1074 „,.
1698 949 1709 1032 .-.ιι-ει,
1700 896 1709 939 ψ.»
1700 851 1709 878 u
1703 792 1709 839 ,ᾤ
1700 707 1709 782 -μι...
1705 674 1709 693 --

1691 2180 1709 2476 ᾼκ-ιυῷκῌ«ι-,,

1683 2673 1702 2728 :¹4¹1
