1709 2885
567 112 622 145 DE
645 110 779 144 BELLO
803 110 1064 144 IUGURTHINO
1470 109 1522 148 69

112 216 325 255 humilitate
345 215 525 254 arborum
548 221 584 254 et
603 220 730 254 tamen
753 214 903 259 incerti,
926 214 1108 264 quidnam
1130 219 1242 254 esset.
1265 225 1352 252 cum
1383 221 1518 253 natura

110 271 186 311 loci
206 277 288 311 tum
310 271 395 310 dolo
417 271 491 322 ipsi
511 279 627 321 atque
643 270 751 321 signa
767 270 942 309 militaria
959 269 1316 309 obscurati—dein
1333 269 1437 309 brevi
1451 277 1518 308 ‘co—

111 329 227 379 gnitis
242 328 391 366 insidiis
407 327 606 378 paulisper
619 338 756 376 agmen
773 326 984 365 constituit.
1006 326 1058 364 ibi
1069 325 1300 364 conmutatis
1317 325 1518 365 ordinibus
1541 332 1560 364 6

110 385 150 424 in
173 384 327 423 dextero
348 384 485 432 latere,
504 383 611 434 quod
633 394 867 433 proxumum
887 383 1009 421 hostis
1032 388 1132 429 erat,
1154 381 1373 433 triplicibus
1394 382 1520 421 subsi—

60 446 79 479 5
110 440 181 479 diis
212 441 333 479 aciem
364 440 567 479 instruxit:
606 438 707 476 inter
736 438 956 490 manipulos
993 438 1208 477 funditores
1239 444 1276 476 et
1304 439 1522 488 sagittarios

109 496 305 548 dispertit,
329 497 541 547 equitatum
563 506 715 533 omnem
736 495 777 532 in
800 494 984 533 cornibus
1005 495 1106 533 locat
1126 506 1169 532 ac
1189 506 1311 545 pauca
1332 506 1403 545 pro
1425 501 1521 533 tem-

107 564 202 605 pore
222 553 363 591 milites
384 553 559 591 hortatus
579 551 719 598 aciem,
746 550 859 589 sicuti
880 552 1129 597 instruxerat,
1162 550 1391 590 transvorsis
1413 551 1522 602 prin-

108 608 218 660 cipiis
239 609 280 648 in
311 609 470 660 planum
500 607 664 646 deducit.
705 607 772 645 sed
794 606 858 644 ubi
889 607 1072 646 Numidas
1104 606 1255 657 quietos
1277 619 1404 657 neque
1426 607 1523 646 colle
1546 610 1596 646 50

106 665 261 715 degredi
292 664 580 711 animadvortit,
611 663 752 702 veritus
784 675 828 701 ex
859 664 950 702 anni
982 670 1156 715 tempore
1184 670 1222 702 et
1251 663 1381 714 inopia
1402 676 1523 714 aquae

40 725 77 757 10
106 733 155 759 ne
187 721 249 760 siti
279 722 535 760 conficeretur
564 720 773 766 exercitus,
805 718 990 758 Rutilium
1021 720 1189 770 legatum
1220 731 1307 757 cuin
1338 720 1524 771 expeditis

106 777 329 815 cohortibus
352 782 387 816 et
407 782 515 828 parte
537 776 709 826 equitum
739 774 937 826 praemisit
969 776 1013 814 ad
1044 776 1210 817 flumen,
1233 776 1290 815 uti
1310 775 1439 815 locum
1461 788 1523 815 ca-

103 833 193 871 stris
213 838 478 884 antecaperet,
501 832 736 871 existumans
756 831 879 870 hostis
902 832 1037 870 crebro
1059 832 1205 884 impetu
1236 838 1273 870 et
1292 832 1523 871 transvorsis

102 889 260 940 proeliis
288 889 361 927 iter
392 900 507 927 suum
537 894 799 927 remoraturos
829 893 885 934 et,
926 888 1108 938 quoniam
1146 889 1260 927 armis
1291 888 1520 935 diffiderent,

35 964 42 971 ·
102 945 368 984 lassitudinem
400 950 437 983 et
466 944 569 983 sitim
599 944 764 983 mil-itum
794 948 1061 994 temptaturos.
1103 944 1240 983 deinde
1275 944 1357 996 ipse
1386 957 1457 995 pro
1479 957 1521 983 re
1544 950 1563 982 2

37 1005 73 1038 15
103 1006 217 1052 atque
239 1001 325 1039 loco
341 1001 454 1041 sicuti
470 1006 603 1040 monte
625 1000 889 1047 descenderat,
906 1000 1090 1052 paulatim
1110 1000 1334 1052 procedere,
1357 1001 1520 1040 Marium

102 1063 191 1108 post
210 1057 403 1109 principia
423 1057 577 1104 habere,
600 1057 683 1108 ipse
706 1069 793 1096 cum
815 1057 993 1095 sinistrae
1014 1056 1093 1096 alae
1116 1057 1311 1108 equitibus
1333 1069 1430 1102 esse,
1453 1057 1520 1108 qui

101 1113 141 1151 in
163 1113 314 1164 agmine
335 1114 535 1165 principes
556 1113 645 1152 facti
676 1119 796 1152 erant.
837 1120 873 1152 at
892 1112 1099 1163 Iugurtha,
1131 1113 1197 1151 ubi
1220 1119 1434 1152 extremum
1454 1125 1519 1164 ag·
1542 1120 1560 1152 3

100 1181 189 1207 men
220 1169 362 1209 Metelli
392 1170 539 1221 primos
570 1182 661 1208 suos
689 1176 1018 1220 praetergressum
1046 1169 1167 1217 videt,
1197 1170 1389 1220 praesidio
1411 1170 1521 1221 quasi

101 1224 221 1265 duum
241 1225 390 1264 milium
411 1226 583 1277 peditum
602 1232 774 1265 montem
804 1231 989 1276 occupat,
1011 1238 1086 1276 qua
1113 1225 1289 1265 Metellus
1311 1226 1521 1265 descende-

32 1286 72 1318 20
101 1286 180 1328 rat,
203 1294 251 1321 ne
273 1282 370 1321 forte
399 1282 624 1321 cedentibus
653 1281 883 1321 advorsariis
910 1283 1082 1333 receptui
1105 1294 1148 1320 ac
1168 1288 1258 1333 post
1276 1281 1520 1321 munimento

103 1337 216 1376 foret.
258 1338 346 1377 dein
365 1344 527 1390 repente
547 1338 658 1389 signo
676 1338 761 1377 dato
779 1338 901 1376 hostis
926 1338 1081 1376 invadit.
1130 1338 1318 1376 Numidae
1333 1338 1394 1377 alii
1411 1344 1519 1390 post·
1543 1344 1561 1376 4

102 1406 231 1432 remos
253 1394 424 1442 caedere,
446 1407 536 1446 pars
557 1407 577 1433 a
596 1395 751 1433 sinistra
782 1407 824 1433 ac
846 1394 975 1433 dextra
997 1399 1199 1445 temptare,
1222 1394 1365 1433 infensi
1386 1395 1520 1434 adesse

103 1454 217 1500 atque
257 1451 423 1498 instare,
455 1450 636 1489 omnibus
664 1450 760 1489 locis
789 1450 1053 1488 Romanorum
1084 1451 1241 1489 ordines
1271 1451 1518 1500 conturbare,

103 1517 269 1557 quorum
290 1507 403 1545 etiam
423 1507 489 1557 qui
510 1506 746 1546 firmioribus
778 1506 916 1544 animis
937 1505 1038 1544 obvii
1059 1506 1237 1545 hostibus
1258 1507 1434 1553 fuerant,
1458 1508 1517 1545 lu—

31 1567 70 1600 25
100 1562 240 1601 dificati
269 1562 419 1602 incerto
457 1562 607 1614 proelio
627 1559 720 1613 >ipsi
748 1562 863 1600 modo
903 1561 1056 1601 eminus
1087 1562 1360 1601 sauciabantur
1390 1576 1516 1615 neque

98 1623 231 1657 contra
252 1619 420 1658 feriundi
444 1625 509 1657 aut
530 1618 766 1657 conserundi
787 1630 945 1657 manum
967 1617 1077 1669 copia
1094 1625 1195 1657 erat:
1218 1624 1305 1658 ante
1320 1620 1395 1658 iam
1415 1620 1517 1659 docti
1540 1626 1559 1658 5

80 1673 142 1712 ‘ab
174 1674 363 1726 Iugurtha
392 1675 562 1726 equites,
592 1675 658 1713 ubi
688 1674 953 1713 Romanorum
981 1681 1107 1714 turma
1136 1675 1290 1726 insequi
1320 1682 1516 1726 coeperat,

96 1742 174 1769 non
187 1732 393 1770 confertim
414 1743 542 1782 neque
558 1731 597 1770 in
619 1743 742 1770 unum
754 1742 837 1769 sese
858 1730 1112 1781 recipiebant,
1124 1731 1190 1769 sed
1203 1731 1299 1771 alius
1310 1732 1382 1770 alio
1401 1744 1514 1782 quam

94 1797 271 1826 maxume
301 1788 455 1826 divorsi.
505 1788 556 1826 ita
578 1798 742 1826 numero
774 1786 948 1837 priores,
971 1786 1003 1825 si
1024 1786 1070 1825 ab
1100 1788 1371 1838 persequendo
1393 1788 1516 1827 hostis
1538 1794 1558 1825 6

26 1848 66 1881 30
96 1841 290 1881 deterrere
315 1844 582 1894 nequiverant,
608 1843 788 1882 disiectos
811 1842 857 1881 ab
881 1848 991 1893 tergo
1012 1849 1079 1881 aut
1098 1842 1283 1882 lateribus
1305 1844 1514 1883 circumve-

94 1898 267 1946 niebant3
290 1899 350 1938 sin
372 1899 633 1950 opportunior
650 1899 762 1949 fugae
786 1897 893 1937 collis
915 1910 1030 1949 quam
1053 1899 1177 1950 campi
1198 1899 1336 1947 fuerat,
1359 1912 1401 1939 ea
1423 1912 1514 1939 vero

94 1954 272 1993 consueti
299 1955 551 1994 Numidarum
574 1955 663 2006 equi
693 1954 806 1993 facile
835 1955 937 1993 inter
964 1955 1128 2005 virgulta
1158 1956 1337 2004 evadere,
1359 1962 1515 1995 nostros

91 2010 280 2062 asperitas
301 2016 338 2050 et
353 2011 558 2050 insolentia
580 2011 654 2050 loci
671 2010 872 2050 retinebat.
914 2016 1086 2050 ceterum
1102 2011 1220 2051 facies
1242 2012 1361 2051 totius
1383 2013 1513 2063 negoti
1538 2015 1585 2051 51

90 2065 192 2105 varia
214 2066 361 2106 incerta
383 2067 492 2106 foeda
513 2073 627 2118 atque
640 2067 882 2106 miserabilis.
923 2067 1088 2119 dispersi
1122 2080 1141 2106 a
1163 2068 1244 2107 suis
1265 2081 1355 2120 pars
1376 2069 1514 2108 cedere

23 2127 62 2161 35
91 2121 155 2161 alii
175 2122 342 2174 insequi,
385 2135 512 2174 neque
533 2124 641 2174 signa
662 2136 790 2175 neque
813 2123 970 2162 ordines
991 2123 1208 2172 observare,
1232 2124 1296 2163 ubi
1318 2137 1514 2176 quemque

89 2177 310 2228 periculum
335 2185 490 2231 ceperat
505 2179 558 2218 ibi
585 2179 765 2219 resistere
781 2192 824 2219 ac
844 2180 1095 2231 propulsare,
1111 2192 1215 2220 arma
1235 2181 1310 2220 tela
1332 2181 1422 2232 equi
1443 2182 1512 2220 viri

90 2233 222 2274 hostes
243 2242 359 2287 atque
377 2237 478 2275 cives
499 2236 691 2287 permixti,
710 2236 808 2276 nihil
825 2236 990 2276 consilio
1007 2248 1136 2287 neque
1151 2237 1315 2289 imperio
1336 2238 1410 2288 agi,
1430 2238 1511 2276 fors

90 2291 218 2329 omnia
240 2303 389 2342 regere.
432 2292 561 2343 itaque
588 2292 755 2332 multum
784 2292 858 2332 diei
888 2298 1153 2343 processerat,
1185 2305 1273 2332 cum
1295 2294 1405 2333 etiam
1428 2299 1510 2334 tum
1533 2300 1552 2332 2

177 2401 198 2433 4
222 2400 359 2435 dextero
386 2403 422 2443 P,
449 2401 566 2435 dextro
591 2402 639 2436 C?
655 2401 668 2446 [1
685 2404 704 2436 8
731 2403 809 2436 colli
825 2404 1027 2436 Arusianus
1047 2414 1083 2445 p.
1110 2403 1207 2446 2231}
1228 2406 1266 2438 10
1290 2415 1333 2447 p.
1360 2404 1511 2438 rutilium

84 2447 194 2486 pauci
216 2457 235 2478 z
255 2446 266 2487 ΙΙ
287 2449 326 2480 12
353 2447 450 2480 crebo
465 2448 495 2479 P
509 2446 521 2489 ll
541 2448 579 2480 15
605 2446 845 2481 descenderant
864 2449 894 2481 P
909 2447 920 2490 ΙΙ
941 2449 978 2482 18
1004 2451 1289 2491 praetergressum
1305 2449 1338 2490 C,
1363 2453 1512 2492 praeter-

87 2498 221 2533 gressos
244 2490 326 2535 PC„
351 2494 389 2525 19
414 2491 566 2534 peditum
589 2496 737 2525 montem
761 2496 904 2535 occupat
924 2492 986 2533 PC,
1011 2496 1161 2526 montem
1186 2497 1330 2537 occupat
1355 2494 1509 2536 peditum

89 2532 140 2577 0ss
159 2534 432 2614 23Iromanorum
449 2551 464 2566 ε
483 2550 498 2566 ι
517 2550 532 2566 ε
550 2550 566 2566 ι
584 2550 600 2566 ε
618 2550 634 2566 ι
651 2537 784 2570 ordines
800 2539 830 2570 P
843 2536 855 2581 l}
875 2539 915 2571 27
943 2538 999 2570 ubi
1018 2537 1083 2579 PC,
1108 2538 1302 2581 ubicunque
1322 2538 1347 2571 C
1360 2539 1372 2583 ss
1393 2541 1431 2573 31
1459 2539 1512 2573 su-

87 2583 182 2614 erant
