1709 2885
0 129 3 154 Ι

0 277 4 306 l

20 1847 59 1879 30

537 110 591 143 DE
616 109 748 143 BELLO
772 108 1034 142 IUGURTHINO
1441 103 1491 142 63

87 215 212 266 gravia
232 220 268 255 et
287 215 405 266 flagiti
428 215 542 266 plena
559 218 680 261 erant,
702 219 828 252 tamen
847 214 934 263 quia
951 212 1088 251 mortis
1104 216 1209 251 metu
1231 210 1492 257 mutabantur,

84 272 197 312 sicuti
218 272 301 321 regi
322 271 500 310 lubuerat
521 281 593 321 pax
614 269 804 309 convenit.

198 327 274 367 Sed
305 327 371 366 ubi
408 339 450 366 ea
479 327 623 365 Romae
664 331 859 377 comperta
889 330 991 371 sunt,
1023 328 1150 362 metus
1188 327 1303 373 atque
1340 333 1494 361 maeror
1516 323 1565 361 39

88 384 277 424 civitatem
308 383 493 422 invasere.
552 394 641 433 pars
671 381 801 422 dolere
831 393 902 433 pro
935 381 1055 432 gloria
1086 380 1236 430 imperi,
1268 391 1356 430 pars
1386 379 1494 417 inso-

85 439 150 480 lita
179 452 309 479 rerum
341 440 566 479 bellicarum
604 439 739 477 timere
769 437 954 484 libertati,
986 436 1084 475 Aulo
1116 449 1252 475 omnes
1291 434 1420 474 infesti
1451 445 1494 472 ac

87 508 262 535 maxume
293 496 361 547 qui
391 495 492 535 bello
522 507 635 546 saepe
666 494 852 545 praeclari
889 494 1062 540 fuerant,
1094 493 1197 543 quod
1228 497 1397 532 armatus
1428 490 1494 529 de-

88 553 226 592 decore
265 552 394 603 potius
425 562 538 603 quam
578 563 695 590 manu
726 550 888 589 salutem
927 550 1175 601 quaesiverat.
1236 548 1284 587 ob
1321 560 1363 587 ea
1399 559 1493 586 con·
1516 552 1534 584 2

87 607 146 647 sul
182 608 344 647 Albinus
382 621 426 647 ex
467 608 603 647 delicto
639 606 768 646 fratris
803 607 982 645 invidiam
1017 618 1061 645 ac
1098 605 1237 644 deinde
1275 602 1493 656 periculum

86 665 227 704 timens
278 670 455 703 senatum
504 664 550 703 de
600 663 755 702 foedere
806 662 1032 702 consulebat
1080 666 1117 700 et
1165 667 1292 700 tamen
1338 658 1494 699 interim

88 721 274 759 exercitui
304 720 615 771 supplementum
648 719 838 766 scribere,
878 719 923 757 ab
955 718 1071 757 sociis
1103 723 1140 756 et
1169 716 1327 756 nomine
1357 715 1494 754 Latino

86 776 226 816 auxilia
247 788 457 823 accersere,
480 776 648 826 denique
670 774 852 813 omnibus
873 775 997 813 modis
1018 774 1214 813 festinare.
1267 777 1423 812 senatus
1445 771 1495 810 ita
1518 781 1536 813 3

86 834 143 872 uti
165 845 235 883 par
255 833 378 871 suerat
399 831 571 871 decernit
591 843 661 869 suo
684 838 800 881 atque
820 831 955 881 populi
978 831 1129 870 iniussu
1151 830 1302 869 nullum
1323 828 1496 880 potuisse

87 889 222 927 foedus
251 888 345 927 fieri.
387 888 525 927 consul
554 887 761 938 impeditus
783 899 801 925 a
833 887 999 926 tribunis
1021 887 1164 938 plebis,
1197 899 1245 925 ne
1265 898 1360 936 quas
1385 896 1496 936 para-
1518 893 1537 924 4

86 951 190 984 verat
210 945 340 995 copias
360 956 494 983 secum
515 949 696 995 portaret,
719 944 853 994 paucis
874 943 1009 982 diebus
1030 944 1070 982 in
1094 943 1260 981 Africam
1282 940 1496 994 proficisci—

86 1007 170 1039 tur:
203 1013 290 1040 nam
313 1000 439 1039 omnis
460 1000 664 1047 exercitus,
695 1000 750 1039 uti
773 1005 1015 1047 convenerat,
1047 998 1224 1038 Numidia
1247 999 1435 1038 deductus
1456 996 1496 1034 in

86 1056 284 1108 provincia
319 1056 521 1095 hiemabat.
581 1062 786 1108 postquam
818 1069 862 1094 eo
895 1056 1009 1103 venit,
1050 1068 1283 1106 quamquam
1314 1051 1498 1106 persequi
1520 1064 1537 1094 5

86 1113 311 1163 Iugurtham
335 1118 371 1152 et
400 1113 545 1152 mederi
567 1114 758 1152 fraternae
788 1112 950 1152 invidiae
980 1112 1109 1150 animo
1130 1111 1298 1158 ardebat,
1333 1108 1498 1162 cognitis

86 1169 285 1217 militibus,
317 1182 415 1220 quos
442 1175 596 1220 praeter
624 1170 753 1219 fugam
784 1169 911 1208 soluto
942 1168 1106 1219 imperio
1130 1168 1284 1206 licentia
1305 1173 1420 1218 atque
1444 1166 1498 1204 la-

87 1225 202 1264 scivia
224 1233 469 1276 conruperat,
502 1239 547 1264 ex
575 1226 685 1276 copia
713 1237 845 1264 rerum
875 1225 1006 1264 statuit
1035 1224 1107 1263 sibi
1138 1224 1236 1263 nihil
1264 1223 1498 1275 agitandum.

88 1281 242 1320 interim
263 1281 406 1320 Romae
437 1282 476 1321 C.
498 1281 688 1320 Mamilius
720 1281 942 1320 Limetanus
967 1281 1150 1319 tribunus
1176 1280 1300 1331 plebis
1329 1279 1500 1331 rogatio—
1522 1285 1572 1321 40

89 1350 178 1376 nem
195 1337 242 1376 ad
258 1338 447 1389 populum
464 1338 697 1388 promulgat,
720 1338 775 1376 uti
792 1342 1043 1388 quaereretur
1059 1337 1098 1375 in
1117 1349 1195 1384 eos,
1219 1348 1387 1386 quorum
1404 1348 1499 1375 con-

89 1394 173 1432 silio
194 1393 381 1444 Iugurtha
411 1395 532 1433 senati
562 1395 715 1433 decreta
737 1394 983 1444 neglegisset,
1008 1393 1153 1444 quique
1188 1393 1233 1430 ab
1257 1405 1301 1431 eo
1323 1393 1362 1432 in
1396 1393 1499 1443 lega-

87 1449 260 1489 tionibus
277 1455 342 1488 aut
358 1450 530 1501 imperiis
547 1450 732 1502 pecunias
747 1450 999 1500 accepissent,
1023 1449 1089 1499 qui
1107 1449 1333 1499 elephantos
1355 1449 1500 1500 quique

87 1506 269 1557 perfugas
298 1506 558 1555 tradidissent,
591 1507 678 1545 item
702 1507 767 1557 qui
799 1506 845 1544 de
865 1518 959 1556 pace
981 1510 1046 1544 aut
1074 1505 1174 1543 bello
1205 1517 1292 1543 cum
1322 1505 1499 1544 hostibus

87 1563 286 1613 pactiones
316 1563 511 1602 fecissent.
570 1562 662 1601 huic
696 1561 886 1612 rogationi
912 1561 1050 1612 partim
1082 1560 1228 1600 conscii
1258 1561 1330 1600 sibi
1360 1561 1422 1600 alii
1454 1574 1498 1600 ex
1522 1571 1539 1602 2

88 1619 253 1670 partium
270 1618 410 1657 invidia
426 1619 598 1670 pericula
619 1622 850 1665 metuentes,
874 1618 1054 1669 quoniam
1072 1622 1203 1668 aperte
1219 1619 1400 1656 resistere
1418 1630 1497 1657 non

87 1681 279 1726 poterant,
302 1675 395 1725 quin
418 1675 479 1713 illa
501 1681 537 1714 et
557 1675 628 1714 alia
648 1675 735 1714 talia
753 1675 905 1726 placere
922 1674 993 1712 sibi
1010 1674 1238 1721 faterentur,
1260 1674 1410 1713 occulte
1430 1686 1501 1725 per

88 1732 230 1770 amicos
251 1744 293 1770 ac
314 1743 491 1770 maxume
512 1744 582 1783 per
603 1731 781 1769 homines
803 1730 972 1769 nominis
994 1730 1119 1768 Latini
1142 1736 1179 1768 et
1200 1730 1326 1768 socios
1347 1730 1500 1769 Italicos

88 1787 349 1839 inpedimenta
365 1787 561 1838 parabant.
597 1788 664 1826 sed
685 1786 818 1838 plebes
834 1785 1063 1825 incredibile
1079 1792 1294 1825 memoratu
1311 1791 1369 1824 est
1384 1798 1498 1837 quam
1521 1795 1540 1826 3

89 1844 236 1884 intenta
257 1844 375 1882 suerit
403 1850 623 1894 quantaque
644 1844 678 1881 vi
709 1842 950 1893 rogationem
972 1841 1141 1889 iusserit,
1171 1843 1291 1892 magis
1313 1842 1400 1880 odio
1428 1854 1499 1880 no-

88 1899 246 1939 bilitatis
269 1899 330 1939 eui
351 1899 448 1937 mala
479 1900 540 1938 illa
560 1899 807 1949 parabantur,
839 1911 952 1949 quam
975 1910 1066 1936 cura
1088 1898 1143 1935 rei
1167 1898 1364 1948 publicae:
1396 1904 1499 1937 tanta

88 1956 219 1995 lubido
242 1955 281 2003 in
304 1955 478 2006 partibus
494 1961 585 1994 erat.
621 1955 739 2006 igitur
760 1955 897 1994 ceteris
914 1960 1017 1993 metu
1041 1954 1232 2005 perculsis
1249 1954 1298 1993 M.
1317 1955 1499 2001 Scaurus
1523 1965 1542 1996 4

89 2025 205 2063 quem
240 2012 407 2062 legatum
436 2012 585 2050 Bestiae
626 2012 744 2050 fuisse
784 2023 900 2062 supra
930 2010 1152 2057 docuimus,
1191 2010 1293 2049 inter
1320 2012 1499 2050 laetitiam

88 2069 213 2120 plebis
251 2076 288 2107 et
316 2080 476 2106 suorum
504 2068 658 2118 fugam,
699 2068 848 2120 trepida
884 2068 996 2107 etiam
1036 2072 1116 2105 tum
1153 2067 1302 2106 civitate
1332 2080 1420 2106 cum
1457 2079 1500 2106 ex

183 2181 196 2211 1
218 2179 431 2211 mutabantur
449 2179 505 2211 PC
518 2177 667 2216 fortasse
683 2182 794 2211 recte:
812 2181 902 2211 metu
920 2177 1095 2211 mutabant
1113 2177 1500 2211 oelmi11itabantural1·a

92 2227 299 2266 temptavere
320 2236 349 2264 z,
372 2228 496 2256 metum
514 2223 728 2256 intuebantur
746 2224 898 2265 Dietsclt,
924 2226 1014 2256 metu
1034 2223 1098 2255 huc
1115 2222 1330 2256 mutabantur
1346 2223 1502 2256 Eussner

91 2270 155 2301 aliz·
179 2269 249 2301 alia
259 2282 270 2308 ‚·
294 2269 458 2301 nutabant
483 2278 545 2310 ego
570 2269 620 2301 ed.
643 2280 698 2310 pr.
723 2271 817 2307 (eum
838 2264 1050 2300 ‘Basileensi'
1079 2267 1186 2308 Rz‘vz‘ess)
1214 2268 1301 2300 conl.
1322 2267 1399 2300 Tac.
1415 2268 1501 2300 Hist.

90 2314 121 2355 2,
139 2314 181 2347 76
205 2309 273 2346 ‘his
302 2315 494 2356 pavoribus
521 2309 713 2346 nutantem’
738 2313 786 2356 114
812 2314 926 2347 dolore
952 2312 1004 2355 ΡΗ
1025 2315 1041 2346 5
1070 2313 1160 2355 aulo]
1186 2323 1215 2345 υ.
1240 2313 1286 2344 ad
1306 2324 1340 2355 p.
1360 2314 1414 2355 61,
1431 2313 1502 2355 341]

91 2362 110 2394 6
135 2359 259 2392 suerint
276 2360 306 2392 P
318 2358 328 2402 ΙΙ
349 2361 367 2392 9
394 2359 604 2401 consulebat]
622 2362 731 2392 utrum
750 2359 868 2392 foedus
885 2357 975 2402 quod
993 2358 1166 2400 pepigerat
1183 2368 1258 2391 cum
1275 2358 1430 2400 iugurtha
1448 2357 1502 2390 fir-

90 2415 180 2438 mum
205 2407 239 2436 et
263 2404 310 2436 sic
335 2404 460 2437 facturn
485 2403 677 2447 perduraret
702 2414 805 2437 necne
829 2416 856 2436 s.
875 2415 900 2436 S.
925 2405 962 2435 in
988 2402 1123 2444 aliquot
1148 2403 1191 2436 Gz
1208 2403 1220 2444 ΙΙ
1243 2405 1277 2435 11
1311 2403 1432 2436 auxilia
1459 2413 1503 2434 ea:

91 2449 214 2483 auxilio
233 2450 262 2482 P
274 2448 285 2491 ll
305 2459 473 2482 accersere
492 2448 554 2490 PC,
579 2449 737 2482 arcessire
762 2449 818 2481 vel
833 2458 999 2482 arcessere
1021 2447 1046 2480 C
1063 2446 1073 2491 ΙΙ
1096 2450 1130 2481 17
1158 2447 1295 2480 ardebat
1313 2459 1357 2479 eoe
1374 2447 1501 2480 ardebit

91 2494 147 2538 ΡΙΙ
168 2496 205 2527 19
231 2494 424 2536 agitandum
450 2494 511 2533 PC,
542 2493 706 2535 agendum
733 2493 783 2538 Cll
804 2496 844 2527 20
870 2504 900 2536 g.
927 2492 1094 2526 mamilius
1118 2492 1171 2536 Pl(
1190 2492 1364 2534 rogatione
1388 2493 1440 2536 ΡΗ
1461 2494 1501 2526 22
1553 2534 1556 2536 ¹

93 2539 298 2581 neglegisset
329 2539 367 2579 C,
405 2539 609 2580 neglexisset
633 2538 774 2581 P01129
800 2543 1018 2581 memoratum
1046 2536 1097 2580 ΡΗ
1118 2539 1158 2571 30
1184 2537 1317 2570 i·:sserit
1342 2537 1410 2575 PC,
1436 2538 1502 2570 ius—

93 2585 172 2617 serit
197 2584 379 2616 decreuerit
405 2584 549 2617 uoluerit
569 2583 624 2626 pc
645 2583 689 2622 ef.
715 2584 761 2616 ad
784 2584 836 2626 73,
851 2585 869 2617 7
