1709 2885
143 84 197 124 22
640 89 674 122 C.
693 88 899 123 SALLUSTI
922 88 1059 123 CRISPI

76 194 124 230 40
144 190 264 242 igitur
278 189 319 228 P.
343 189 539 230 Umbreno
561 191 711 231 cuidam
735 192 936 244 negotium
956 192 1031 243 dat,
1062 193 1119 234 uti
1140 193 1286 244 legatos
1307 192 1561 246 Allobrogum

144 247 318 298 requirat
339 259 504 298 eosque,
536 248 566 287 si
589 249 734 299 possit,
766 248 927 300 inpellat
945 250 990 289 ad
1021 250 1243 290 societatem
1270 249 1382 298 belli,
1415 251 1561 290 existu-

144 315 256 343 mans
271 303 429 354 publice
446 304 702 356 privatimque
722 317 811 344 aere
831 305 956 354 alieno
977 306 1201 358 obpressos,
1223 312 1433 358 praeterea,
1456 307 1561 358 quod

147 364 284 398 natura
315 371 412 411 gens
432 360 576 401 Gallica
605 361 789 400 bellicosa
809 367 930 411 esset,
961 362 1071 402 facile
1093 375 1159 402 eos
1179 362 1226 402 ad
1247 362 1322 402 tale
1351 363 1560 403 consilium

105 425 124 454 2
146 415 285 455 adduci
305 427 433 467 posse.
475 415 716 466 Umbrenus,
739 418 843 468 quod
865 418 905 457 in
927 418 1046 458 Gallia
1068 419 1288 470 negotiatus
1307 425 1400 467 erat,
1421 419 1562 470 pleris-

148 484 224 523 que
245 472 492 524 principibus
513 473 722 513 civitatium
745 480 862 513 notus
882 480 964 514 erat
986 483 1102 527 atque
1123 488 1189 514 eos
1211 481 1380 516 noverat.
1429 475 1559 526 itaque

145 528 231 567 sine
252 540 380 577 mora,
412 529 478 568 ubi
508 529 677 580 primum
707 530 852 581 legatos
873 531 912 569 in
943 532 1029 570 soro
1051 532 1276 583 conspexit,
1308 537 1561 583 percontatus

146 597 268 636 pauca
299 585 346 623 de
373 591 474 624 statu
505 586 667 626 civitatis
697 592 734 625 et
763 587 872 638 quasi
903 587 1039 627 dolens
1069 588 1153 628 eius
1184 600 1329 636 casum,
1360 588 1562 639 requirere

105 648 123 680 3
147 641 297 692 coepit,
331 653 447 692 quem
478 643 622 681 exitum
663 643 779 682 tantis
809 643 917 683 malis
954 651 1167 696 sperarent.
1229 650 1434 697 postquam
1473 643 1561 684 illos

147 698 248 737 videt
278 698 388 749 queri
420 699 467 738 de
496 700 650 738 avaritia
681 699 997 750 magistratuum,
1035 713 1217 740 accusare
1246 706 1425 740 senatum
1457 700 1562 752 quod

146 754 185 793 in
218 766 263 793 eo
285 754 401 793 auxili
423 755 522 794 nihil
543 763 656 804 esset,
687 756 852 796 miseriis
873 756 955 796 suis
985 757 1198 797 remedium
1229 770 1315 796 moi
1319 764 1395 796 tem
1420 768 1563 808 expec-

147 816 240 858 tare,
261 807 317 850 ‘at
337 806 420 861 ego'
443 811 572 862 inquit
584 808 723 859 ‘vobis,
744 812 776 851 si
797 812 912 851 modo
933 813 1002 852 viri
1023 826 1108 853 esse
1128 813 1260 861 voltis,
1284 813 1473 852 rationem
1499 824 1563 852 os·

102 874 123 906 4
146 866 314 915 tendam,
338 880 413 918 qua
428 873 533 907 tanta
555 868 626 907 ista
646 869 743 908 mala
765 865 983 919 effugiatis'.
1019 869 1113 909 baec
1135 870 1199 909 ubi
1221 870 1315 909 dixit
1333 869 1564 920 Allobroges

147 923 185 962 in
208 935 424 962 maxumam
448 937 558 975 spem
579 925 733 964 adducti
755 925 993 965 Umbrenum
1015 938 1126 965 orare
1146 934 1189 966 ut
1205 927 1264 965 sui
1287 927 1561 965 misereretur.

147 979 243 1018 nihil
264 986 339 1018 tam
371 992 553 1032 asperum
575 994 704 1033 neque
735 988 809 1020 tam
832 982 986 1021 difficile
1008 995 1112 1030 esse,
1146 983 1248 1034 quod
1280 995 1359 1022 non
1391 982 1564 1034 cupidis-

145 1047 255 1075 sume
285 1037 422 1076 sacturi
446 1043 596 1084 essent,
627 1038 717 1077 dum
740 1051 782 1077 ea
804 1050 865 1077 1es
887 1039 1075 1077 civitatem
1106 1051 1194 1078 aere
1215 1039 1341 1078 alieno
1370 1038 1564 1078 liberaret.

102 1099 121 1131 5
146 1091 210 1131 ille
233 1105 300 1131 eos
321 1093 360 1132 in
393 1094 550 1132 domum
572 1094 616 1133 D.
638 1095 747 1134 Bruti
771 1095 967 1145 perducit,
999 1096 1102 1146 quod
1125 1096 1209 1134 soro
1241 1095 1462 1146 propinqua
1484 1098 1565 1134 erat

146 1160 272 1200 neque
294 1149 416 1188 aliena
447 1150 584 1190 consili
606 1157 769 1202 propter
789 1151 1074 1201 Semproniam.
1127 1163 1214 1189 nam
1236 1157 1319 1189 tum
1340 1151 1485 1190 Brutus
1516 1149 1564 1189 ab

102 1211 122 1243 6
145 1204 267 1244 Roma
287 1205 430 1245 aberat.
473 1212 673 1257 praeterea
691 1207 897 1246 Gabinium
919 1207 1091 1254 arcessit,
1114 1219 1191 1257 quo
1214 1207 1337 1246 maior
1356 1206 1565 1246 auctoritas

143 1261 315 1301 sermoni
346 1262 504 1302 inesset.
565 1276 611 1301 eo
642 1270 848 1314 praesente
870 1263 1182 1302 coniurationem
1213 1262 1357 1315 aperit,
1389 1262 1566 1302 nominat

145 1319 285 1365 socios,
307 1323 505 1369 praeterea
526 1319 671 1358 multos
693 1320 885 1370 cuiusque
907 1319 1075 1370 generis,
1099 1319 1300 1368 innoxios,
1329 1331 1407 1370 quo
1430 1319 1564 1370 legatis

144 1375 297 1413 animus
315 1374 481 1425 amplior
496 1382 609 1415 esset.
643 1375 780 1414 deinde
803 1388 869 1414 eos
884 1375 1081 1426 pollicitos
1102 1388 1259 1427 operam
1280 1388 1388 1414 suam
1406 1375 1565 1415 domum

72 1434 121 1469 41
146 1430 313 1469 dimittit.
353 1431 420 1469 sed
443 1430 670 1483 Allobroges
692 1432 789 1470 diu
781 1445 820 1470 ιιι
842 1432 992 1471 incerto
1014 1432 1183 1472 habuere
1212 1432 1396 1483 quidnam
1426 1431 1566 1471 consili

103 1494 121 1525 2
145 1492 341 1538 caperent.
377 1487 416 1525 in
446 1487 563 1526 altera
587 1494 694 1538 parte
716 1494 797 1527 erat
817 1501 881 1527 aes
909 1489 1076 1528 alienum
1101 1489 1272 1528 studium
1302 1488 1394 1527 belli
1424 1500 1562 1539 magna

144 1555 294 1582 merces
325 1543 362 1582 in
394 1556 462 1594 spe
483 1543 685 1592 victoriae,
716 1550 754 1583 at
774 1545 814 1583 in
836 1544 954 1583 altera
977 1545 1142 1584 maiores
1172 1557 1267 1596 opes
1288 1551 1368 1584 tuta
1399 1544 1562 1584 consilia
1592 1554 1599 1562 ·

100 1607 120 1638 3
143 1612 216 1651 pro
238 1599 382 1638 incerta
405 1612 474 1651 spe
498 1606 600 1639 certa
617 1600 800 1651 praemia.
834 1601 927 1639 haec
944 1601 1019 1639 illis
1040 1601 1281 1640 volventibus
1301 1601 1456 1640 tandem
1474 1601 1566 1640 vicit

100 1664 121 1695 4
144 1657 300 1695 fortuna
317 1656 371 1694 rei
389 1656 581 1707 publicae..
612 1657 742 1707 itaque
757 1658 796 1702 Q.
817 1656 933 1695 Fabio
955 1657 1117 1707 Sangae,
1139 1657 1251 1696 cuius
1267 1657 1487 1709 patrocinio
1508 1657 1565 1696 ci-

146 1713 240 1751 vitas
257 1712 483 1763 plurumum
507 1713 700 1760 utebatur,
723 1725 805 1751 rem
827 1725 983 1752 omnem
1005 1713 1061 1752 uti
1083 1719 1348 1764 cognoverant
1369 1714 1561 1765 aperiunt.

101 1776 119 1808 5
145 1768 278 1808 Cicero
310 1781 381 1819 per
411 1769 576 1820 Sangam
615 1768 778 1807 consilio
809 1770 965 1819 cognito
1005 1770 1140 1820 legatis
1170 1770 1369 1822 praecepit
1409 1776 1450 1809 ut.
1480 1775 1564 1809 stu-

143 1826 248 1864 dium
281 1825 562 1864 coniurationis
583 1825 833 1864 vehementer
861 1825 1065 1874 simulent,
1098 1834 1249 1865 ceteros
1270 1827 1431 1874 adeant,
1462 1826 1563 1865 bene

142 1881 423 1933 polliceantur,
455 1882 627 1933 dentque
649 1893 805 1933 operam
838 1882 893 1921 uti
915 1894 981 1921 eos
1003 1894 1118 1933 quam
1140 1894 1317 1922 maxume
1338 1883 1565 1922 manifestos

142 1937 321 1977 babeant.

68 1998 119 2034 42
255 1994 381 2033 Isdem
413 1994 493 2033 sere
524 1994 767 2045 temporibus
798 1994 836 2032 in
861 1994 982 2034 Gallia
1012 1995 1192 2034 citeriore
1218 2001 1335 2046 atque
1365 1994 1565 2043 ulteriore,

100 2058 119 2090 2
144 2050 235 2090 item
265 2050 306 2089 in
337 2061 429 2100 agro
462 2049 604 2089 Piceno
630 2050 781 2089 Bruttio
813 2051 952 2101 Apulia
983 2057 1112 2090 motus
1143 2057 1234 2090 erat.
1298 2063 1464 2102 namque
1494 2050 1562 2096 illi,

143 2119 243 2158 quos
262 2113 352 2146 ante
375 2105 533 2146 Catilina
555 2107 771 2154 dimiserat,
795 2107 1016 2146 inconsulte
1037 2120 1082 2146 ac
1097 2107 1213 2146 veluti
1238 2119 1310 2159 per
1330 2107 1562 2147 dementiam

142 2168 282 2203 cuncta
303 2163 419 2202 simul
440 2163 616 2213 agebant.
658 2163 862 2202 nocturnis
884 2163 1078 2210 consiliis,
1113 2175 1309 2203 armorum
1329 2169 1445 2214 atque
1465 2163 1564 2202 telo·

143 2232 231 2259 rum
268 2219 581 2271 portationibus,
626 2219 847 2259 festinando
886 2220 1066 2270 agitando
1111 2221 1240 2259 omnia
1278 2220 1367 2271 plus
1409 2219 1560 2258 timoris

101 2283 120 2316 3
145 2288 260 2328 quam
282 2276 446 2327 periculi
477 2277 697 2315 effecerant.
746 2288 792 2315 ex
813 2288 858 2315 eo
881 2288 1045 2315 numero
1077 2276 1279 2328 conpluris
1307 2275 1352 2322 Q.
1383 2275 1562 2315 Metellus

235 2389 250 2420 1
267 2387 478 2429 allobrogum
495 2388 526 2420 Ρ
539 2388 595 2419 liic
612 2391 645 2419 et
659 2398 692 2429 p.
708 2387 762 2426 24,
776 2387 796 2419 4
815 2386 826 2429 ΙΙ
845 2389 863 2419 5
883 2386 985 2428 gallio
999 2387 1028 2419 P
1040 2386 1052 2430 Η
1072 2389 1090 2420 6
1106 2386 1291 2420 ciuitatium
1309 2385 1372 2427 PC,
1387 2386 1564 2419 ciuitatum

145 2433 172 2466 C
188 2433 199 2475 {l
218 2434 258 2466 12
285 2437 384 2475 alege)
410 2444 454 2465 ez·
478 2432 562 2465 adeo
581 2431 632 2475 1²11
656 2433 695 2465 ts
721 2432 762 2464 ab
788 2441 879 2464 roma
907 2431 941 2471 C,
968 2433 1074 2464 I’rt'se.
1090 2432 1154 2466 vol.
1173 2432 1211 2464 II
1221 2442 1255 2474 p.
1267 2432 1312 2464 66
1330 2432 1431 2464 Proh.
1447 2443 1480 2474 p.
1500 2432 1565 2464 150

142 2479 245 2520 Ser-g.
262 2481 299 2510 ιή
317 2478 405 2510 Don.
422 2489 456 2520 p.
473 2479 550 2519 511,
568 2487 680 2510 romae
698 2478 734 2517 P,
759 2487 850 2510 roma
875 2484 990 2518 (unns,
1014 2477 1193 2518 mser-tur,
1215 2488 1242 2509 s.
1256 2487 1282 2508 s,
1300 2476 1355 2516 ab)
1376 2476 1403 2509 C
1419 2476 1430 2520 {l
1452 2479 1489 2510 19
1514 2486 1566 2509 ar-

141 2524 247 2556 eescit
272 2525 308 2563 P,
334 2523 471 2556 accersit
501 2522 528 2554 C
546 2523 707 2565 plerique
725 2522 796 2565 1123
822 2521 925 2554 diuini
950 2522 1079 2555 incerto
1105 2520 1218 2566 Ρ1124
1247 2525 1323 2553 erat
1345 2533 1370 2554 s.
1396 2533 1421 2554 s,
1448 2521 1564 2565 Ρ1126

140 2569 237 2607 uixit
256 2575 290 2606 tn
310 2569 412 2609 eras.)
426 2569 454 2601 P
466 2567 477 2612 l}
498 2569 539 2601 29
554 2567 717 2611 praecipit
731 2567 924 2599 Lina-eras:
942 2571 980 2599 at
996 2566 1040 2606 el'.
1055 2578 1081 2600 c.
1095 2566 1150 2608 34,
1166 2568 1182 2600 1
1200 2566 1212 2609 ss
1232 2569 1273 2600 33
1291 2566 1322 2598 in
1342 2567 1443 2609 gallia
1459 2578 1485 2600 s.
1498 2577 1525 2599 s.
1538 2568 1569 2600 P
