1709 2885
148 81 229 120 132
468 82 641 118 INCERTI
666 82 927 117 SALLUSTIUS
952 83 1009 116 AD
1034 82 1266 117 CAESAREM

106 195 125 226 5
147 188 266 227 alium
297 187 407 238 quasi
438 186 733 238 prudentiorem
771 187 906 226 secuti.
947 199 1018 239 per
1047 186 1149 226 idem
1177 192 1333 238 tempus
1362 187 1576 226 maledictis

148 245 399 296 ineiquorum
429 244 682 295 occupandae
713 244 769 282 rei
799 243 979 295 publicae
1008 244 1048 283 in
1069 255 1180 295 spem
1209 243 1364 282 adducti
1385 244 1577 291 homines,

131 301 292 352 ‘quibus
314 300 443 339 omnia
474 299 620 351 probro
644 312 689 340 ac
709 299 860 339 luxuria
882 299 1029 351 polluta
1051 306 1172 348 erant,
1194 312 1431 340 concurrere
1452 300 1492 339 in
1514 312 1578 339 ca-

149 364 227 396 stra
248 364 314 396 tua
336 363 373 395 et
394 363 527 408 aperte
548 357 713 407 quieteis
734 362 899 395 mortem
918 357 1086 408 rapinas,
1109 362 1307 408 postremo
1329 356 1458 396 omnia
1478 368 1578 408 quae

106 419 126 452 6
150 419 336 464 corrupto
356 413 485 452 animo
508 413 676 459 lubebat,
698 412 881 451 minitari.
930 425 976 452 ex
996 413 1108 464 queis
1136 425 1274 464 magna
1295 425 1399 464 pars,
1421 412 1488 452 ubi
1510 425 1580 452 ne-

149 482 226 521 que
246 469 436 508 creditum
458 470 697 508 condonarei
728 481 856 520 neque
877 476 914 508 te
935 469 1082 509 civibus
1112 470 1226 508 sicuti
1247 469 1426 509 hostibus
1447 469 1503 508 uti
1524 469 1580 508 vi-

149 528 263 573 dent,
286 526 504 573 defluxere,
532 526 645 577 pauci
666 526 865 575 restitere,
895 525 1038 577 quibus
1066 526 1190 564 maius
1220 526 1342 565 otium
1372 526 1412 565 in
1443 525 1579 565 castris

150 595 266 633 quam
305 582 451 620 Romae
484 582 661 621 futurum
694 588 795 621 erat:
841 589 946 621 tanta
983 583 1038 621 vis
1060 582 1296 622 creditorum
1327 582 1577 633 inpendebat.

66 652 70 654 ’
108 646 126 678 7
150 639 218 678 sed
239 638 288 678 ob
312 638 465 677 easdem
487 651 622 678 causas
643 639 813 678 immane
829 639 973 678 dictust
993 640 1127 690 quanti
1151 645 1187 678 et
1209 651 1324 690 quam
1345 638 1458 678 multi
1473 650 1579 677 mor—

152 695 246 734 tales
267 701 403 746 postea
425 695 471 734 ad
492 694 722 746 Pompeium
753 695 1014 739 discesserint,
1048 708 1174 746 eoque
1196 707 1266 746 per
1288 707 1403 734 omne
1424 702 1579 747 tempus

151 751 242 791 belli
263 750 375 802 quasi
395 763 506 790 sacro
527 757 643 801 atque
664 751 872 803 inspoliato
894 753 983 791 fano
1005 751 1200 791 debitores
1221 752 1293 790 usi.

103 810 128 847 3
265 807 389 858 Igitur
417 808 600 858 quoniam
630 808 699 847 tibi
728 808 864 848 victori
895 809 942 847 de
972 808 1073 847 bello
1103 814 1218 859 atque
1235 820 1330 859 pace
1358 807 1581 859 agitandum

153 870 233 912 est,
255 865 331 903 hoc
352 863 407 902 uti
429 864 590 903 civiliter
610 865 795 916 deponas,
816 865 879 904 illa
901 871 944 904 ut
972 877 1086 916 quam
1108 865 1318 904 iustissima
1342 871 1379 903 et
1399 864 1582 903 diuturna

154 921 215 968 sit,
238 921 284 960 de
313 926 350 959 te
372 920 458 971 ipso
489 921 680 972 primum,
711 921 777 972 qui
809 933 852 960 ea
882 922 1172 973 compositurus
1192 934 1254 969 es,
1276 921 1369 972 quid
1391 921 1582 972 optimum

111 983 131 1016 2
154 978 256 1017 sactu
278 977 328 1016 sit
356 977 544 1016 existima.
587 978 767 1029 equidem
797 989 869 1028 ego
905 983 1045 1017 cuncta
1074 978 1236 1028 imperia
1266 977 1434 1017 crudelia
1457 976 1580 1027 magis

153 1033 291 1073 acerba
313 1045 429 1083 quam
446 1034 630 1073 diuturna
652 1034 832 1082 arbitror,
848 1047 976 1085 neque
998 1046 1233 1084 quemquam
1250 1034 1382 1072 multis
1403 1039 1582 1073 metuen-

154 1091 246 1129 dum
268 1102 366 1138 csse,
399 1090 493 1141 quin
526 1091 573 1129 ad
603 1103 690 1129 eum
722 1103 767 1129 ex
796 1090 929 1129 multis
961 1090 1125 1128 formido
1149 1090 1339 1129 reccidat:
1363 1101 1447 1129 eam
1469 1090 1582 1128 vitam

152 1147 302 1186 bellum
321 1153 523 1186 aeternum
546 1153 583 1185 et
604 1159 747 1198 anceps
770 1159 918 1198 gerere,
951 1146 1133 1198 quoniam
1157 1159 1285 1198 neque
1307 1147 1491 1185 adversus
1512 1157 1583 1184 ne-

155 1216 231 1255 que
252 1203 299 1242 ab
321 1208 432 1253 tergo
454 1208 520 1242 aut
540 1203 727 1242 lateribus
744 1210 851 1243 tutus
873 1203 938 1250 sis,
957 1215 1111 1254 semper
1132 1203 1172 1242 in
1193 1203 1370 1254 periculo
1392 1208 1458 1242 aut
1477 1206 1583 1241 metu

112 1267 131 1300 3
153 1260 287 1311 agites.
330 1265 465 1298 contra
489 1260 554 1310 qui
572 1259 811 1310 benignitate
825 1264 862 1299 et
877 1260 1082 1299 clementia
1095 1259 1302 1310 imperium
1319 1266 1584 1310 temperavere

154 1317 201 1355 iis
223 1316 318 1355 laeta
341 1323 379 1354 et
400 1316 563 1354 candida
585 1317 714 1355 onmia
736 1317 826 1363 visa,
850 1316 962 1356 etiam
985 1316 1117 1355 hostes
1138 1316 1342 1367 aequiores
1364 1328 1477 1367 quam
1499 1314 1584 1354 aliis

112 1379 132 1411 4
155 1373 271 1412 cives.
311 1371 412 1411 haud
435 1372 517 1411 scio
538 1385 587 1411 an
609 1373 676 1424 qui
696 1385 758 1412 me
778 1373 838 1412 his
861 1373 972 1412 dictis
1000 1379 1273 1424 corruptorem
1293 1372 1476 1412 victoriae
1495 1377 1585 1411 tuae

155 1429 353 1481 nimisque
382 1428 422 1467 in
444 1429 566 1469 victos
597 1429 698 1468 bona
727 1429 924 1469 voluntate
952 1429 1191 1480 praedicent.
1233 1429 1382 1468 scilicet
1401 1428 1506 1480 quod
1527 1439 1583 1475 ea,

157 1498 257 1537 quae
279 1486 419 1525 exteris
442 1485 666 1525 nationibus
685 1492 822 1525 natura
844 1485 958 1525 nobis
974 1486 1152 1525 hostibus
1173 1498 1327 1537 nosque
1340 1486 1586 1535 maioresque

157 1542 282 1582 nostri
297 1554 413 1592 saepe
423 1541 609 1588 tribuere,
627 1555 670 1581 ea
687 1540 834 1580 civibus
851 1542 976 1581 danda
992 1542 1159 1581 arbitror
1176 1555 1304 1594 neque
1320 1542 1484 1582 barbaro
1505 1541 1583 1580 ritu

110 1601 136 1638 4
158 1599 274 1638 caede
295 1598 449 1637 caedem
467 1604 505 1636 et
519 1599 749 1648 sanguinem
766 1599 958 1648 sanguine
974 1598 1177 1650 expianda.
1218 1611 1265 1638 an
1282 1599 1357 1646 illa,
1375 1611 1472 1650 quae
1488 1609 1585 1649 pau-

157 1656 195 1694 lo
216 1660 306 1694 ante
326 1654 401 1693 hoc
421 1653 566 1693 bellum
589 1654 628 1693 in
651 1654 720 1693 Cn.
750 1654 979 1706 Pompeium
1011 1654 1288 1706 victoriamque
1307 1655 1504 1695 Sullanam
1525 1654 1587 1693 in·

157 1710 439 1762 crepabantur‚
472 1710 612 1749 oblivio
651 1711 865 1750 interfecit:
896 1711 1122 1759 Domitium,
1158 1711 1386 1760 Carbonem,
1409 1712 1586 1758 Brutum,

159 1767 256 1807 alios
272 1768 362 1806 item
381 1779 461 1805 non
479 1773 646 1806 armatos
663 1780 794 1817 neque
816 1767 855 1805 in
875 1767 1024 1819 proelio
1042 1767 1132 1806 belli
1154 1769 1238 1807 iure
1260 1769 1327 1808 sed
1343 1775 1474 1820 postea
1492 1779 1588 1818 sup-

157 1824 280 1876 plices
301 1836 373 1875 per
393 1835 587 1862 summum
610 1824 737 1862 scelus
759 1824 1007 1872 interfectos,
1029 1824 1183 1875 plebem
1206 1824 1416 1864 Romanam
1438 1824 1477 1864 in
1498 1823 1586 1862 villa

115 1887 136 1920 2
159 1880 316 1932 publica
337 1880 491 1932 pecoris
513 1880 629 1918 modo
647 1879 914 1920 conscissam?
937 1880 1035 1919 eheu
1051 1892 1167 1931 quam
1189 1880 1252 1920 illa
1274 1881 1425 1921 occulta
1446 1880 1587 1920 civium

159 1939 298 1977 funera
321 1944 358 1976 et
387 1936 616 1988 repentinae
646 1937 804 1984 caedes,
835 1937 875 1976 in
897 1943 1106 1988 parentum
1136 1943 1201 1977 aut
1223 1937 1437 1977 liberorum
1457 1937 1588 1977 sinum

160 1994 252 2044 suga
272 1993 481 2032 mulierum
504 2000 541 2032 et
571 2005 809 2044 puerorum,
843 1994 1001 2033 vastatio
1024 1994 1209 2033 domuum
1231 2001 1320 2034 ante
1341 2000 1489 2046 partam
1511 2007 1532 2033 a
1551 2000 1589 2033 te

119 2056 138 2089 3
161 2050 361 2089 victoriam
383 2061 491 2088 saeva
521 2055 636 2100 atque
666 2050 836 2089 crudelia
868 2050 998 2089 erant!
1030 2051 1075 2089 ad
1106 2062 1205 2102 quae
1240 2058 1277 2090 te
1299 2051 1399 2090 idem
1421 2050 1475 2090 illi
1496 2051 1590 2089 hor-

160 2111 311 2147 tantur:
331 2107 396 2156 [et]
418 2105 567 2145 scilicet
596 2106 634 2145 id
657 2111 843 2145 certatum
868 2119 965 2154 esse,
984 2107 1109 2146 utrius
1126 2113 1296 2146 vestrum
1310 2107 1469 2146 arbitrio
1486 2106 1588 2146 iniu—

161 2163 240 2203 riae
261 2163 412 2210 fierent,
435 2175 565 2213 neque
587 2169 782 2214 receptam
804 2163 870 2202 sed
893 2170 1042 2214 captam
1064 2176 1084 2203 a
1106 2169 1144 2203 te
1165 2176 1249 2203 rem
1270 2163 1464 2216 publicam
1487 2169 1526 2203 et
1546 2175 1591 2202 ea

163 2232 277 2259 causa
311 2219 505 2259 exercitus
534 2219 738 2271 stipendiis
776 2220 964 2259 consectis
996 2221 1165 2271 optimos
1195 2226 1231 2259 et
1259 2220 1486 2260 veterrimos
1507 2232 1591 2258 om-

164 2276 273 2316 nium
291 2276 496 2315 advorsum
513 2275 652 2314 fratres
664 2276 917 2328 parentisque
937 2276 1012 2326 [alii
1029 2276 1185 2326 liberos]
1203 2277 1318 2316 armis
1331 2276 1589 2323 contendere;

163 2338 206 2372 ut
237 2344 283 2372 ex
312 2331 448 2372 alienis
488 2332 598 2371 malis
627 2333 837 2371 deterrumi
868 2332 1051 2372 mortales
1080 2333 1205 2372 ventri
1236 2340 1351 2384 atque
1373 2332 1591 2384 profundae

254 2434 274 2466 6
300 2430 501 2464 condonarei
525 2433 653 2474 soripsz
677 2435 821 2464 auctore
847 2431 964 2464 Cor-tio
1000 2434 1075 2475 (qui
1103 2432 1308 2474 condonari)
1343 2433 1534 2466 condonare
1560 2431 1598 2465 V

163 2477 174 2520 {l
202 2478 240 2512 12
264 2475 417 2516 fortasse
441 2486 523 2520 pace
548 2482 650 2519 atque
674 2477 765 2510 btllo
785 2475 797 2520 ss
819 2479 855 2510 13
881 2480 917 2509 ut
937 2481 1019 2528 post
1043 2477 1100 2510 illa
1125 2479 1276 2510 i'nseruzt
1293 2477 1416 2519 4ldus,
1442 2489 1508 2511 om.
1534 2477 1592 2521 Vll

165 2525 203 2555 21
230 2521 418 2576 aequiores
448 2533 549 2573 quam
582 2522 656 2555 aliis
693 2521 838 2563 Carmo,
875 2523 1055 2565 nequiores
1092 2534 1192 2566 quam
1224 2523 1279 2556 alii
1307 2523 1340 2556 Ι
1353 2523 1365 2567 ΙΙ
1393 2525 1434 2557 24
1467 2523 1591 2557 exteris

162 2569 301 2611 scripsi,
328 2567 475 2600 externis
500 2568 537 2600 V
550 2567 619 2611 1135
647 2571 679 2600 et
705 2567 816 2600 deleti
834 2566 905 2610 1138
936 2567 991 2600 alii
1017 2568 1142 2602 liberos
1167 2568 1278 2602 delete

1609 419 1628 451 5

1612 700 1649 733 to

1615 983 1651 1014 15

1613 1263 1653 1296 20

1613 1547 1653 1580 25
1699 1499 1705 1609 g

1616 1828 1656 1861 30

1619 2109 1707 2144 35'

1692 2673 1705 2692 J
1688 2617 1705 2669 M>

1678 2704 1709 2885 δῖ’ῠῗἻιῡἾ-ῥλΐ
1693 2696 1696 2697 =
