1709 2885
533 125 586 159 DE
610 125 744 159 BELLO
769 124 1031 160 IUGURTHINO
1435 123 1483 163 91

76 240 191 280 quam
215 229 412 267 decretum
439 234 529 277 erat,
561 229 600 267 in
625 228 789 268 Africam
809 229 1008 279 profectus
1028 228 1163 280 paucis
1183 229 1320 268 diebus
1338 227 1488 267 Uticam

74 284 286 324 advehitur.
327 285 518 324 exercitus
540 285 573 324 ei
588 285 752 323 traditur
766 297 786 323 a
801 283 843 323 P.
859 284 1004 323 Rutilio
1024 285 1164 335 legato.
1205 297 1293 324 nam
1309 284 1488 324 Metellus
1511 292 1529 323 5

76 346 330 393 conspectum
350 340 445 380 Mari
464 341 628 391 fugerat,
652 353 702 380 ne
721 340 866 380 videret
886 353 929 379 ea
950 353 1049 391 quae
1069 340 1197 380 audita
1217 341 1369 380 animus
1389 339 1487 379 tole-

32 421 38 427 ·
75 408 160 436 rare
188 396 424 448 nequiverat.
477 396 541 436 sed
572 397 711 436 consul
740 397 902 448 expletis
934 396 1154 447 legionibus
1183 397 1487 447 cohortibusque
1514 400 1557 436 87

74 453 282 492 auxiliariis
304 453 343 492 in
365 465 499 504 agrum
515 453 680 492 fertilem
698 458 734 491 et
750 453 890 504 praeda
907 459 1091 492 onustum
1113 453 1386 504 proficiscitur,
1404 464 1487 491 om-

74 509 136 548 nia
153 509 205 548 ibi
222 516 330 560 capta
346 509 534 548 militibus
550 509 681 557 donat,
698 509 785 548 dein
804 509 957 548 castella
975 515 1013 548 et
1031 509 1173 561 oppida
1190 515 1327 549 natura
1343 516 1381 549 et
1395 509 1486 548 viris

73 577 208 616 parum
230 565 378 604 munita
399 565 634 616 aggreditur,
656 565 803 617 proelia
833 565 964 611 multa,
987 573 1159 606 ceterum
1182 565 1289 618 levia,
1311 565 1381 605 alia
1402 564 1485 604 aliis

73 621 168 659 locis
189 621 327 660 facere.
370 621 524 660 interim
546 621 633 661 novi
653 621 794 659 milites
811 622 893 660 sine
914 628 1019 661 metu
1040 634 1195 674 pugnae
1215 622 1363 669 adesse,
1379 620 1485 660 vide-
1510 628 1528 660 2

72 689 114 716 re
135 677 321 728 fugientis
344 678 427 729 capi
456 684 521 717 aut
544 677 687 725 occidi,
716 677 983 717 fortissumum
1006 690 1199 729 quemque
1220 678 1484 727 tutissumum,

16 769 20 772 .
70 733 188 772 armis
208 733 422 772 libertatem
443 734 605 784 patriam
625 740 884 784 parentesque
907 741 943 773 et
963 734 1032 773 alia
1054 734 1182 773 omnia
1202 735 1301 785 tegi,
1325 735 1485 785 gloriam

71 795 186 841 atque
203 789 350 829 divitias
370 791 514 840 quaeri.
557 790 612 828 sic
629 789 735 828 brevi
755 790 880 841 spatio
897 791 984 829 novi
1005 796 1231 842 veteresque
1248 791 1426 830 coaluere
1448 796 1486 829 et
1508 797 1527 829 3

71 845 191 884 iirtus
212 846 386 884 omnium
407 845 578 897 aequalis
599 847 707 884 sacta.
749 851 786 884 at
814 858 927 897 reges
950 846 1014 885 ubi
1046 846 1092 886 de
1113 847 1279 886 adventu
1300 847 1396 886 Mari
1417 858 1483 886 co·
1507 854 1527 885 4

71 907 299 951 gnoverunt,
317 902 458 941 divorsi
474 902 513 940 in
526 902 633 940 locos
652 902 818 941 difficilis
835 902 990 941 abeunt.
1033 903 1084 942 ita
1099 903 1309 954 Iugurthae
1326 903 1483 954 placue-

70 962 127 996 rat
147 958 318 1009 speranti
339 970 425 997 mox
449 958 592 997 effusos
612 958 734 997 hostis
751 958 877 997 invadi
898 971 1027 1010 posse,
1048 959 1244 999 Romanos
1265 960 1380 998 sicuti
1402 961 1484 1011 ple-

15 1047 19 1052 .
71 1025 213 1065 rosque
233 1020 383 1053 remoto
399 1020 504 1053 metu
520 1015 643 1053 laxius
658 1014 917 1066 licentiusque
938 1015 1104 1064 futuros,
1145 1016 1320 1055 Metellus
1337 1016 1486 1057 interea
1511 1019 1558 1054 88

69 1069 229 1108 Romam
250 1070 448 1121 profectus
466 1076 600 1109 contra
617 1083 726 1122 spem
747 1083 855 1110 suam
871 1071 1103 1111 laetissumis
1120 1072 1259 1111 animis
1282 1072 1487 1124 excipitur,

67 1125 169 1176 plebi
191 1126 458 1177 patribusque,
481 1132 687 1178 postquam
703 1128 843 1166 invidia
874 1128 1103 1175 decesserat,
1126 1128 1229 1167 iuxta
1252 1141 1378 1168 carus.
1420 1131 1487 1169 sed
1506 1134 1524 1166 2

67 1182 211 1221 Marius
231 1182 386 1234 inpigre
406 1183 699 1234 prudenterque
719 1196 881 1222 suorum
912 1192 949 1223 et
969 1184 1139 1223 hostium
1171 1197 1233 1223 res
1254 1186 1400 1236 pariter
1421 1187 1487 1226 ad-

68 1238 249 1285 tendere,
272 1250 510 1289 cognoscere
533 1239 627 1291 quid
649 1239 740 1278 boni
766 1240 943 1291 utrisque
963 1247 1029 1279 aut
1050 1247 1186 1280 contra
1210 1247 1329 1288 esset,
1353 1242 1485 1294 explo-

15 1307 18 1331 ι
67 1305 151 1332 rare
173 1294 310 1334 itinera
338 1307 496 1346 regum,
529 1295 690 1334 consilia
710 1302 748 1335 et
777 1296 936 1335 insidias
958 1309 1092 1336 eorum
1122 1297 1366 1344 antevenire,
1389 1299 1486 1339 nihil

66 1350 168 1402 apud
188 1363 229 1389 se
250 1351 456 1390 remissum
479 1364 607 1402 neque
628 1352 729 1403 apud
747 1352 833 1391 illos
855 1358 981 1391 tutum
1002 1353 1094 1404 pati.
1136 1353 1264 1404 itaque
1281 1360 1318 1392 et
1340 1354 1485 1395 Gaetu-
1504 1361 1521 1393 3

65 1407 123 1445 los
139 1411 176 1445 et
191 1406 416 1457 Iugurtham
434 1420 480 1447 ex
495 1408 612 1446 sociis
628 1409 772 1447 nostris
789 1409 950 1460 praedas
967 1409 1115 1460 agentis
1138 1421 1252 1460 saepe
1275 1421 1484 1460 aggressus

63 1462 103 1501 in
124 1463 265 1502 itinere
287 1463 458 1510 suderat,
482 1464 691 1516 ipsumque
711 1476 842 1514 regem
864 1465 965 1504 haud
987 1465 1125 1516 procul
1146 1465 1192 1504 ab
1215 1466 1359 1516 oppido
1383 1467 1484 1508 Cirta

63 1518 177 1558 armis
199 1526 367 1559 exuerat.
407 1532 507 1570 quae
528 1527 734 1571 postquam
756 1521 923 1571 gloriosa
939 1521 1054 1559 modo
1076 1533 1205 1572 neque
1220 1522 1310 1560 belli
1326 1530 1484 1574 patran-
1500 1529 1520 1560 4

62 1574 100 1613 di
122 1575 315 1626 cognovit,
337 1576 469 1614 statuit
492 1576 614 1624 urbis,
637 1588 734 1628 quae
757 1577 848 1615 viris
868 1582 934 1616 aut
953 1576 1039 1616 loco
1060 1589 1133 1629 pro
1158 1577 1334 1617 hostibus
1356 1585 1393 1618 et
1413 1580 1480 1619 ad·

61 1643 215 1670 vorsum
237 1644 278 1671 se
295 1633 663 1683 opportunissumae
684 1639 806 1681 erant,
823 1633 995 1684 singulas
1016 1634 1319 1674 circumvenire:
1343 1636 1392 1674 ita
1414 1636 1478 1675 Iu·

61 1687 240 1737 gurtbam
258 1694 324 1727 aut
340 1688 544 1739 praesidiis
563 1690 763 1736 nudatum,
790 1690 822 1728 si
842 1702 884 1728 ea
902 1696 1112 1741 pateretur,
1138 1720 1146 1728 .
1160 1720 1168 1728 .
1181 1721 1189 1729 .
1206 1720 1214 1729 .
1243 1696 1309 1730 aut
1326 1693 1477 1742 proelio

61 1748 310 1783 certaturum.
351 1757 439 1783 nam
450 1745 628 1784 Bocchus
642 1745 802 1784 nuntios
816 1745 862 1784 ad
877 1758 968 1784 eum
983 1758 1097 1797 saepe
1108 1747 1276 1794 miserat,
1293 1748 1389 1787 velle
1406 1761 1477 1800 po-
1501 1755 1518 1786 5

62 1799 146 1850 puli
165 1799 330 1839 Romani
359 1801 587 1843 amicitiam,
619 1801 765 1852 nequid
793 1801 840 1840 ab
860 1814 901 1840 se
920 1801 1061 1840 hostile
1091 1803 1255 1841 timeret.
1297 1804 1334 1842 id
1356 1804 1477 1843 simu·
1500 1809 1519 1842 6

62 1855 267 1903 laveritne,
290 1868 368 1906 quo
389 1857 612 1908 inprovisus
633 1857 784 1907 gravior
808 1857 1018 1906 accideret,
1039 1870 1088 1897 an
1109 1858 1321 1899 mobilitate
1343 1860 1477 1912 ingeni

61 1924 194 1962 pacem
215 1918 330 1963 atque
350 1912 496 1951 bellum
516 1919 665 1952 mutare
686 1913 844 1960 solitus,
866 1926 1004 1965 parum
1026 1914 1266 1965 exploratum
1291 1923 1358 1955 est.

171 1967 248 2007 Sed
270 1968 428 2016 consul,
457 1969 515 2008 uti
536 1975 740 2017 statuerat,
771 1970 912 2021 oppida
935 1970 1167 2022 castellaque
1189 1973 1337 2011 munita
1359 1973 1477 2022 adire,
1503 1975 1550 2011 89

60 2024 198 2075 partim
219 2023 253 2061 vi
276 2023 347 2062 alia
369 2031 472 2063 metu
494 2031 560 2064 aut
579 2025 749 2076 praemia
769 2027 1002 2066 ostentando
1023 2033 1197 2067 avortere
1218 2029 1264 2067 ab
1285 2029 1476 2069 hostibus.

60 2091 104 2118 ac
124 2079 250 2131 primo
279 2080 488 2120 mediocria
517 2081 672 2131 gerebat
700 2081 937 2122 existumans
966 2083 1193 2133 Iugurtham
1223 2084 1272 2123 ob
1300 2097 1393 2124 suos
1414 2093 1477 2125 tu·
1501 2091 1519 2123 2

60 2135 198 2175 tandos
208 2136 248 2174 in
260 2148 398 2175 manus
408 2143 626 2177 venturum.
648 2138 714 2177 sed
726 2137 792 2177 ubi
803 2138 912 2178 illum
922 2139 1060 2190 procul
1071 2139 1205 2180 abesse
1216 2141 1344 2180 etaliis
1356 2154 1478 2193 nego·
1501 2148 1519 2180 3

60 2192 123 2231 tiis
151 2192 345 2232 intentum
373 2193 541 2244 accepit,
576 2194 720 2233 maiora
752 2199 789 2233 et
820 2196 941 2246 magis
970 2207 1106 2247 aspera
1135 2197 1293 2248 aggredi
1322 2204 1477 2250 tempus

65 2248 186 2288 visum
207 2254 276 2287 est.
323 2255 404 2288 erat
432 2249 534 2288 inter
554 2250 724 2301 ingentis
753 2251 984 2291 solitudines
1006 2252 1195 2304 oppidum
1215 2266 1400 2306 magnum
1422 2261 1478 2294 at·
1501 2261 1519 2292 4

151 2371 170 2402 5
196 2369 378 2403 honustum
403 2381 449 2402 em
474 2370 653 2404 honostum
670 2373 701 2405 P
714 2371 727 2416 ss
744 2375 761 2406 ἵ
780 2372 870 2406 leuia
887 2373 950 2406 alia
970 2373 1184 2415 ciacconius,
1210 2375 1274 2409 alla
1293 2375 1380 2409 leuia
1397 2376 1455 2410 PC
1466 2376 1477 2419 Η

66 2417 102 2448 15
127 2414 376 2458 liaecentiusque
399 2414 485 2457 (fuit
506 2415 585 2456 luc.)
601 2415 655 2461 ΡΙΙ
675 2419 716 2451 16
742 2418 906 2460 excipitur
924 2418 958 2459 C,
983 2419 1145 2462 accipitur
1161 2420 1218 2454 PC
1232 2420 1245 2463 Η
1262 2422 1305 2454 24
1322 2421 1403 2454 belli
1420 2431 1479 2464 pa-

63 2459 170 2493 trandi
187 2460 350 2502 cognouit
366 2461 397 2493 P
416 2459 491 2501 (dee
512 2469 612 2493 causa
625 2472 652 2494 S.
665 2473 690 2495 s.
703 2463 739 2503 p)
759 2462 792 2503 C,
816 2464 924 2495 Prisc.
944 2463 1008 2496 vol.
1027 2464 1065 2496 II
1074 2475 1109 2506 p.
1123 2466 1200 2506 310,
1226 2465 1306 2498 belli
1323 2465 1477 2509 patrandi

62 2505 193 2547 copiam
217 2505 379 2547 cognovit
397 2505 424 2538 C
439 2505 450 2547 ΙΙ
468 2507 510 2539 26
528 2505 670 2547 singulis
685 2508 715 2539 P
730 2508 741 2549 ss
758 2509 798 2541 27
825 2509 913 2540 mihi
930 2509 1095 2542 videntur
1111 2510 1283 2551 quaedum
1308 2511 1478 2544 eoecidisse

62 2550 157 2582 velut
176 2549 211 2582 in
234 2559 352 2583 manus
376 2554 554 2583 uenturum
579 2550 650 2592 (89,
666 2551 723 2592 2).-
748 2552 793 2591 ef.
816 2552 933 2595 Nepos
948 2553 1024 2586 Ale.
1045 2555 1077 2595 3,
1093 2555 1142 2599 311
1163 2557 1204 2588 30
1229 2556 1395 2590 accideret
1419 2559 1478 2598 (ex

62 2593 227 2628 acciderat
250 2595 291 2635 P)
316 2594 379 2636 PC,
405 2594 579 2628 accederet
605 2594 632 2628 C
