1709 2885
171 105 251 144 120
629 107 685 140 Ex
712 105 916 139 SALLUSTI
940 104 1148 138 HISTORIIS

170 223 259 250 mus
276 211 321 250 de
339 216 528 262 potestate
539 209 744 249 tribunicia
762 209 870 260 loqui
886 220 1004 247 ausus
1019 207 1285 247 mussantibus
1300 207 1408 247 vobis
1423 207 1591 248 circum-

171 275 310 307 ventus
332 273 426 315 erat,
444 273 571 306 tamen
590 266 700 318 prius
722 265 776 305 illi
799 265 979 304 invidiam
1000 272 1186 312 metuere,
1209 277 1322 316 quam
1340 277 1407 304 vos
1428 264 1591 304 iniuriae

173 331 395 375 pertaesum
413 330 483 363 est.
515 323 619 374 quod
636 334 707 372 ego
725 333 878 372 nequeo
896 321 988 360 satis
1001 321 1146 365 mirari,
1164 320 1353 366 Quirites:
1379 333 1466 360 nam
1481 333 1589 372 spem

131 388 150 417 0
175 382 317 419 frustra
332 380 453 419 fuisse
476 379 732 418 intellexistis.
775 377 879 417 Sulla
902 385 1070 424 mortuo,
1092 377 1158 428 qui
1180 377 1385 417 scelestum
1407 378 1591 429 inposue-

174 442 233 475 rat
254 437 464 484 servitium,
487 437 604 475 [inem
625 435 714 474 mali
736 434 961 474 credebatis.
1004 440 1112 473 ortus
1134 440 1190 472 est
1211 434 1325 485 longe
1354 433 1504 473 saevior
1525 433 1592 473 Ca·
1614 443 1633 474 5

114 500 152 532 10
175 493 292 532 tulus.
343 492 531 532 tumultus
553 491 774 531 intercessit
793 491 914 529 Bruto
937 496 975 529 et
994 491 1185 529 Mamerco
1217 490 1457 530 consulibus.
1506 490 1594 529 dein

117 557 150 588 11
177 549 217 589 C.
241 547 357 587 Curio
383 550 428 587 ad
451 548 610 588 exitium
643 560 767 598 usque
799 547 964 586 insontis
985 547 1129 585 tribuni
1160 547 1378 586 dominatus
1407 552 1476 585 est.
1517 546 1596 585 Lu-

177 605 303 644 cullus
319 605 521 656 superiore
537 617 640 643 anno
662 603 816 654 quantis
833 603 970 642 animis
989 604 1075 642 ierit
1092 604 1131 641 in
1150 603 1405 648 L.Quintium
1426 603 1595 650 vidistis;

177 669 343 712 quantae
361 661 529 711 denique
546 661 639 699 mihi
657 660 793 699 turbae
810 660 1073 699 concitantur!
1093 672 1191 709 quae
1209 660 1384 710 profecto
1403 660 1596 699 incassum

178 718 402 768 agebantur,
438 718 469 756 si
491 717 600 768 prius
631 729 744 767 quam
766 728 832 756 vos
853 716 1047 755 serviundi
1070 719 1207 762 tinem,
1240 715 1291 753 illi
1323 715 1596 755 dominationis
1630 722 1671 754 10

176 774 316 814 facturi
339 779 468 812 erant:
500 773 728 824 praesertim
759 785 847 811 cum
869 773 928 812 his
951 772 1124 811 civilibus
1154 772 1269 810 armis
1293 772 1390 810 dicta
1410 771 1502 820 alia,
1532 771 1598 810 sed

120 837 156 870 12
179 836 369 870 certatum
393 830 590 880 utrimque
611 830 656 868 de
678 829 941 868 dominatione
964 829 1002 867 in
1026 828 1132 867 vobis
1153 829 1212 867 sit.
1256 828 1383 878 itaque
1406 834 1532 867 cetera
1554 840 1599 866 ex

179 887 335 926 licentia
357 892 423 925 aut
442 886 531 924 odio
551 892 617 925 aut
636 885 789 924 avaritia
813 885 850 924 in
873 893 1027 936 tempus
1048 897 1188 932 arsere,
1212 884 1422 936 permansit
1440 897 1516 923 una
1538 896 1600 923 res

179 944 309 990 modo,
332 955 430 994 quae
453 943 648 993 utrimque
670 942 841 992 quaesita
863 947 931 987 est,
961 947 998 980 et
1019 948 1149 992 erepta
1173 942 1211 979 in
1235 947 1432 992 posterum
1455 941 1510 979 vis
1531 939 1600 978 tri-

120 1006 156 1039 13
181 999 350 1047 bunicia,
373 999 494 1038 telum
515 1011 535 1038 a
557 998 768 1038 maioribus
789 998 954 1037 libertati
979 1004 1166 1048 paratum.
1209 997 1311 1048 quod
1334 1009 1405 1048 ego
1428 1009 1493 1036 vos
1515 1008 1600 1035 mo·
1632 1003 1668 1034 15
1688 1014 1690 1016 v

181 1069 255 1097 neo
278 1068 501 1107 quaesoque
523 1061 567 1094 ut
586 1055 896 1094 animadvortatis
919 1067 994 1093 neu
1019 1055 1177 1092 nomina
1199 1065 1328 1092 rerum
1351 1054 1395 1092 ad
1413 1053 1603 1104 ignaviam

181 1117 375 1152 mutantes
393 1113 515 1150 otium
534 1124 605 1163 pro
628 1112 783 1150 servitio
806 1111 1021 1162 appelletis.
1059 1122 1136 1160 quo
1158 1110 1230 1148 iam
1249 1109 1333 1160 ipso
1355 1109 1445 1156 frui,
1468 1110 1499 1148 si
1516 1121 1604 1148 vera

182 1176 218 1210 et
239 1170 403 1208 honesta
419 1168 605 1219 flagitium
627 1168 880 1219 superaverit,
904 1179 982 1205 non
1001 1172 1058 1205 est
1075 1166 1276 1205 condicio:
1300 1165 1449 1213 fuisset,
1472 1165 1502 1204 si
1521 1177 1604 1204 om—

182 1226 276 1266 nino
300 1225 519 1276 quiessetis.
561 1236 669 1263 nunc
690 1225 862 1263 animum
884 1223 1083 1262 advortere
1105 1229 1143 1261 et
1164 1222 1238 1261 nisi
1264 1221 1453 1270 viceritis,
1475 1233 1605 1273 quon-

183 1284 255 1322 iam
279 1283 406 1320 omnis
428 1281 570 1320 iniuria
593 1281 774 1331 gravitate
795 1280 916 1319 tutior
937 1285 1006 1325 est,
1029 1280 1149 1318 artius
1173 1278 1380 1318 habebunt.
1634 1284 1675 1316 20

123 1346 160 1378 14
292 1333 411 1384 ‘Quid
443 1350 580 1376 censes
609 1332 767 1387 igitu1·?'
801 1336 942 1387 aliquis
970 1342 1142 1374 vostrum
1173 1335 1394 1374 subiecerit.
1436 1334 1606 1385 primum

185 1395 359 1434 omnium
382 1394 644 1433 omittundum
665 1405 812 1432 morem
835 1393 941 1431 hunc
964 1404 1078 1443 quem
1110 1391 1221 1442 agitis
1242 1391 1417 1443 inpigrae
1438 1391 1607 1442 linguae,

186 1451 304 1491 animi
345 1450 491 1502 ignavi,
535 1463 615 1490 non
647 1450 746 1489 ultra
786 1449 980 1488 contionis
1011 1449 1140 1487 locum
1178 1460 1370 1488 memores
1409 1447 1607 1486 libertatis.

128 1516 163 1548 15
186 1508 340 1555 deinde,
363 1519 413 1546 ne
438 1519 504 1546 vos
526 1507 571 1545 ad
598 1507 718 1545 virilia
741 1506 803 1545 illa
824 1517 956 1544 vocem
971 1536 980 1553 ,
1012 1517 1090 1555 quo
1113 1504 1293 1544 tribunos
1315 1503 1462 1555 plebei,
1494 1503 1608 1542 modo

187 1564 392 1616 patricium
424 1563 714 1613 magistratum,
745 1562 865 1601 libera
895 1561 941 1601 ab
971 1561 1197 1600 auctoribus
1227 1561 1400 1612 patriciis
1430 1560 1608 1610 suffragia
1639 1565 1682 1598 25

187 1621 354 1660 maiores
375 1620 493 1658 vostri
515 1631 718 1670 paravere;
743 1630 830 1657 cum
852 1618 907 1657 vis
929 1618 1070 1662 omnis,
1093 1616 1277 1663 Quirites,
1300 1617 1339 1655 in
1364 1616 1470 1655 vobis
1492 1617 1553 1663 sit,
1576 1623 1613 1654 et

189 1689 287 1728 quae
310 1677 415 1716 iussa
433 1688 539 1715 nunc
561 1688 632 1727 pro
655 1675 739 1715 aliis
757 1674 942 1720 toleratis,
966 1686 1037 1725 pro
1051 1673 1160 1712 vobis
1181 1686 1294 1724 agere
1315 1679 1381 1712 aut
1403 1685 1482 1712 non
1499 1684 1614 1723 agere

191 1740 295 1773 certe
318 1732 489 1784 possitis,
516 1732 645 1771 lovem
671 1737 736 1771 aut
756 1731 873 1769 alium
896 1742 1011 1782 quem
1034 1730 1147 1769 deum
1178 1730 1442 1769 consultorem
1475 1741 1613 1781 expec-

130 1797 168 1829 16
191 1787 307 1829 tatis?
329 1801 467 1840 magna
496 1787 559 1827 illa
582 1788 790 1827 consulum
820 1787 980 1838 imperia
1003 1792 1040 1825 et
1069 1793 1222 1837 patrum
1245 1786 1398 1825 decreta
1429 1798 1496 1824 vos
1526 1797 1614 1824 exe·
1656 1776 1661 1783 ¹

191 1846 350 1898 quendo
371 1851 451 1884 rata
473 1845 638 1891 efficitis,
660 1844 851 1891 Quirites,
884 1844 1065 1894 ultroque
1087 1843 1281 1881 licentiam
1304 1843 1343 1881 in
1365 1854 1432 1881 vos
1457 1847 1612 1881 auctum

132 1911 167 1942 17
192 1910 308 1953 atque
329 1901 504 1941 adiutum
527 1901 758 1952 properatis.
799 1912 925 1951 neque
947 1912 1018 1950 ego
1039 1911 1106 1938 vos
1129 1900 1253 1939 ultum
1284 1898 1446 1938 iniurias
1465 1899 1613 1943 hortor,

191 1959 314 2010 magis
335 1958 392 1996 uti
408 1957 583 2009 requiem
606 1957 785 2010 cupiatis,
808 1969 935 2007 neque
952 1955 1176 2003 discordias,
1199 1956 1255 1995 uti
1273 1955 1326 1994 illi
1345 1955 1614 2000 criminantur,

193 2015 260 2055 sed
283 2026 412 2054 earum
435 2015 553 2052 finem
574 2014 707 2052 volens
728 2013 812 2052 iure
838 2013 1012 2063 gentium
1032 2025 1095 2051 res
1116 2018 1250 2063 repeto
1273 2018 1322 2059 et,
1353 2011 1385 2049 si
1407 2011 1614 2062 pertinaci—

193 2079 252 2112 ter
274 2070 512 2118 retinebunt,
548 2083 627 2109 non
657 2081 761 2109 arma
783 2082 911 2120 neque
938 2069 1211 2115 secessionem,
1241 2075 1390 2108 tantum
1419 2067 1535 2107 modo
1566 2079 1616 2106 ne

135 2135 172 2169 18
193 2128 362 2180 amplius
385 2128 616 2177 sanguinem
638 2133 810 2165 vostrum
828 2125 1044 2178 praebeatis
1066 2124 1247 2164 censebo.
1280 2129 1416 2175 gerant
1431 2123 1614 2163 habeant-

195 2197 271 2236 que
292 2196 363 2223 suo
390 2184 505 2222 modo
529 2183 702 2235 imperia,
733 2189 921 2233 quaerant
942 2182 1172 2233 triumphos,
1204 2180 1460 2220 Mithridatem
1483 2180 1613 2220 Serto-

286 2297 304 2328 2
330 2298 481 2327 mutnere
507 2293 543 2324 V
556 2292 568 2336 Η
585 2295 603 2326 4
629 2293 843 2326 intellexistis
878 2296 914 2324 in
948 2294 1109 2333 margine
1135 2292 1167 2325 Γ
1185 2291 1196 2335 Η
1214 2295 1232 2326 6
1268 2291 1368 2324 bruto
1393 2290 1422 2323 ἀ
1447 2300 1614 2324 mamerco

175 2352 243 2374 cos.
271 2341 315 2381 l&
341 2343 379 2372 in
405 2349 535 2382 rasura
569 2350 661 2371 cot-1¹.
680 2350 725 2370 ων
742 2341 796 2371 alst}
816 2338 847 2369 l'
863 2337 874 2381 Η
898 2339 935 2371 12
963 2347 1023 2370 uos
1045 2337 1183 2369 Dietseh,
1200 2339 1210 2377 11
1235 2339 1273 2370 14
1299 2345 1433 2368 comma
1457 2339 1538 2367 ante
1563 2336 1614 2368 uis

173 2386 318 2418 sustulit
343 2388 398 2423 (ut
421 2387 468 2416 sil
492 2383 498 2390 ⁸
516 2394 590 2415 una
608 2378 676 2416 νος)
698 2384 911 2424 dominatio)
929 2382 1040 2414 Jladv.
1057 2383 1144 2415 .·ldv.
1158 2382 1269 2424 2294
1288 2381 1299 2423 ΙΙ
1319 2382 1359 2414 16
1384 2380 1473 2413 anim
1499 2380 1616 2414 aduer-

179 2432 258 2464 tatis
284 2430 344 2474 ΓΗ
365 2431 406 2463 22
434 2429 662 2463 omittendum
679 2429 719 2462 Γ,
745 2428 967 2461 amittendum
981 2426 1214 2470 .-1rns.p.·21·2
1232 2427 1243 2468 ΙΙ
1259 2427 1300 2459 23
1327 2426 1542 2458 corrutionis
1567 2425 1612 2467 (di

178 2478 280 2513 eras.)
307 2476 342 2508 V
353 2474 365 2519 ΙΙ
386 2477 428 2508 24
454 2484 524 2517 quo
551 2474 704 2507 tribunos
730 2473 838 2516 plebei
867 2473 915 2508 l',
951 2483 1042 2515 quae
1065 2475 1175 2505 ineisa
1203 2474 1283 2514 post
1309 2470 1419 2513 plebei
1452 2473 1612 2503 oratione

178 2525 271 2554 reete
296 2523 413 2553 tuetur
428 2519 527 2552 Kritz
545 2518 557 2562 Η
577 2521 618 2553 25
645 2519 797 2562 patribus
818 2519 1036 2557 Ciam-onius,
1060 2521 1097 2549 at
1114 2517 1156 2556 es'.
1180 2516 1369 2549 Mommsen
1388 2515 1424 2548 lt.
1439 2516 1481 2548 F.
1501 2517 1530 2556 1,
1543 2515 1611 2550 285

178 2565 190 2607 [Ι
211 2568 253 2600 26
279 2576 357 2609 qum
383 2568 414 2603 (a
438 2575 513 2606 sup.
540 2570 573 2600 u)
599 2564 652 2597 uis
679 2564 720 2606 V,
758 2564 911 2607 quanmis
938 2575 974 2598 z,
1000 2562 1139 2605 Aldusll
1160 2563 1200 2596 32
1226 2561 1370 2604 cupiatis
1397 2560 1438 2602 V,
1470 2561 1610 2604 capiatis

186 2614 302 2645 nescio
328 2613 404 2654 quis
428 2612 604 2643 Inue-cerii
