1709 2885
172 64 252 104 116
626 66 683 100 Ex
710 65 913 100 SALLUSTI
938 64 1147 100 HISTORIIS

174 181 303 221 neque
325 169 362 207 di
384 175 545 220 penates
567 169 687 208 civem
710 169 924 220 patiuntur.
966 179 1085 219 perge
1106 180 1181 218 qua
1205 174 1382 219 coeptas,
1414 177 1456 210 ut
1476 180 1591 220 quam

172 232 411 265 maturrume
431 226 567 265 merita
587 225 772 265 invenias.

114 288 150 320 17
286 281 362 320 Vos
383 288 524 331 autem,
546 287 675 334 patres
697 281 924 332 conscripti,
947 292 1024 332 quo
1042 293 1167 332 usque
1186 279 1405 320 cunctando
1422 291 1503 318 rem
1519 292 1594 331 pu-

174 338 312 377 blicam
345 338 506 378 intntam
537 338 736 389 patiemini
771 344 808 377 et
836 337 962 376 verbis
991 349 1093 377 arma
1123 333 1388 388 temptabitis?
1429 335 1593 375 dilectus

174 395 380 434 advorsum
398 407 464 434 vos
481 395 613 442 habiti,
637 394 825 446 pecuniae
848 393 1003 445 publice
1024 401 1061 433 et
1082 393 1257 445 privatim
1280 396 1464 440 extortae,
1481 403 1591 443 prae·
1622 398 1640 430 5

174 451 270 490 sidia
292 451 455 490 deducta
477 458 592 503 atque
616 450 804 502 inposita:
829 462 873 489 ex
896 449 1067 489 lubidine
1089 450 1194 500 leges
1216 449 1478 500 imperantur,
1506 460 1594 487 cum

175 507 332 546 interim
355 519 422 545 vos
443 508 589 558 legatos
612 514 648 546 et
669 508 821 546 decreta
843 506 998 558 paratis.
1040 512 1185 557 quanto
1207 504 1429 545 mehercule
1450 504 1597 544 avidius

176 576 309 615 pacem
333 564 533 614 petieritis,
555 570 662 603 tanto
684 563 827 603 bellum
849 562 976 602 acrius
998 563 1081 611 erit,
1105 574 1192 601 cum
1215 562 1415 612 intelleget
1435 574 1476 600 se
1490 567 1595 600 metu

116 624 153 657 18
175 620 297 670 magis
320 632 434 670 quam
456 633 580 672 aequo
605 627 641 659 et
660 620 766 659 hono
788 624 1059 659 sustentatum.
1103 630 1191 657 nam
1214 618 1278 669 qui
1300 617 1433 657 turbas
1456 622 1494 656 et
1510 630 1596 656 cae-

176 676 261 715 dem
285 676 424 715 civium
446 677 574 715 odisse
596 677 647 715 ait
669 682 706 715 et
726 676 775 715 ob
797 675 833 715 id
863 681 1007 715 armato
1030 675 1176 726 Lepido
1207 687 1273 713 vos
1303 675 1474 713 inermos
1505 673 1597 712 reti-

178 739 264 778 net,
287 745 384 783 quae
405 733 516 771 victis
538 733 736 772 toleranda
758 740 849 772 sunt
870 745 926 780 ea,
948 744 1035 771 cum
1058 732 1185 770 facere
1212 730 1368 783 possitis
1400 729 1598 782 patiamini

179 789 310 840 potius
333 796 478 828 censet.
520 790 568 828 ita
592 789 645 828 illi
667 802 686 828 a
708 789 815 828 vobis
836 801 982 840 pacem,
1005 788 1113 827 vobis
1135 788 1179 827 ah
1203 787 1268 826 illo
1291 786 1434 825 bellum
1452 785 1599 824 suadet.

119 850 156 882 19
178 845 274 884 haec
296 846 326 884 si
349 846 516 896 placent,
539 845 570 884 si
592 852 696 885 tanta
718 845 881 896 torpedo
903 845 1052 883 animos
1068 843 1275 895 obpressit,
1295 848 1333 881 ut
1352 843 1461 882 obliti
1478 841 1601 882 scele-

179 913 265 940 rum
289 901 455 949 Cinnae,
478 902 589 940 cuius
610 902 649 941 in
672 901 808 941 urbem
830 901 954 940 reditu
978 901 1096 939 decus
1118 900 1265 939 ordinis
1296 899 1412 938 huius
1442 898 1602 943 interiit,

178 958 300 997 nihilo
314 958 442 996 minus
462 970 530 997 vos
549 963 664 1010 atque
681 959 868 1008 coniuges
886 964 921 996 et
938 957 1081 995 liberos
1100 956 1246 1008 Lepido
1260 955 1487 1007 permissuri
1503 954 1601 1002 sitis,

117 1019 158 1051 20
182 1015 275 1065 quid
298 1027 397 1066 opus
420 1015 605 1063 decretis,
629 1014 721 1066 quid
742 1014 884 1053 auxilio
908 1010 1060 1052 Catuli?
1084 1013 1176 1063 quin
1202 1013 1232 1051 is
1255 1019 1288 1050 et
1312 1012 1375 1051 alii
1398 1012 1490 1051 boni
1521 1022 1602 1050 rem

180 1071 374 1122 publicam
396 1071 539 1110 frustra
562 1077 711 1110 curant.
754 1071 854 1121 agite
876 1076 917 1109 ut
938 1068 1057 1113 lubet,
1081 1075 1212 1119 parate
1239 1068 1346 1106 vobis
1368 1067 1525 1118 Cethegi
1547 1072 1602 1106 at-

181 1139 257 1178 que
278 1127 349 1166 alia
365 1127 609 1179 proditorum
627 1127 854 1179 patrocinia,
878 1126 943 1177 qui
965 1125 1120 1176 rapinas
1139 1132 1175 1163 et
1192 1124 1370 1163 incendia
1388 1124 1603 1163 instaurare.

180 1184 346 1235 cupiunt
367 1190 403 1223 et
424 1197 562 1224 rursus
584 1185 787 1223 advorsum
812 1183 905 1221 ‹leos
927 1182 1077 1234 penatis
1100 1193 1238 1220 manus
1268 1192 1430 1219 armare.
1471 1180 1531 1218 sin
1558 1179 1604 1218 li-

182 1240 311 1280 bertas
343 1246 378 1279 et
407 1253 492 1279 vera
523 1242 645 1291 magis
667 1241 842 1292 placent,
866 1238 1062 1277 decernite
1093 1238 1207 1288 digna
1231 1238 1389 1276 nomine
1410 1242 1445 1275 et
1467 1242 1605 1287 augete

120 1301 155 1334 21
182 1297 382 1347 ingenium
405 1297 496 1335 viris
517 1296 697 1335 fortibus.
738 1296 845 1335 adest
867 1307 988 1334 novos
1011 1294 1226 1341 exercitus,
1249 1294 1293 1332 ad
1325 1294 1400 1332 hoc
1429 1292 1605 1332 coloniae

182 1359 356 1392 veterum
378 1353 558 1399 militum,
583 1353 765 1392 nobilitas
787 1352 926 1399 omnis,
950 1351 1069 1390 duces
1091 1350 1262 1402 optumi:
1287 1350 1440 1389 fortuna
1471 1348 1606 1388 melio·

181 1422 243 1448 res
274 1409 464 1461 sequitur.
507 1410 580 1448 iam
610 1409 671 1448 illa
696 1422 792 1460 quae
815 1407 991 1447 socordia
1023 1413 1153 1446 nostra
1176 1406 1350 1446 conlecta
1375 1411 1489 1453 sunt,
1513 1405 1606 1444 dila-

180 1466 336 1505 bentur.
378 1478 496 1516 quare
514 1466 564 1504 ita
580 1478 741 1505 censeo:
769 1465 952 1516 quoniam
975 1463 1023 1503 M.
1042 1463 1214 1515 Lepidus
1231 1462 1440 1502 exercitum
1458 1462 1606 1514 privato

182 1522 346 1561 consilio
377 1528 552 1574 paratum
583 1535 669 1561 cum
702 1521 894 1573 pessumis
925 1527 959 1559 et
986 1520 1164 1559 hostibus
1196 1520 1249 1558 rei
1272 1519 1449 1571 publicae
1471 1524 1605 1557 contra

183 1579 301 1618 huius
322 1579 471 1618 ordinis
492 1575 759 1617 auctoritatem
781 1577 825 1616 ad
849 1577 986 1616 urbem
1008 1576 1136 1623 ducit,
1159 1577 1213 1614 uti
1242 1577 1311 1627 Ap.
1338 1575 1518 1614 Claudius
1548 1575 1608 1614 in-

184 1643 310 1674 terrex
344 1647 431 1674 cum
455 1634 498 1680 Q.
523 1634 656 1674 Catulo
686 1647 758 1686 pro
782 1633 942 1672 consule
973 1639 1011 1671 et
1032 1633 1192 1679 ceteris,
1231 1631 1372 1683 quibus
1404 1631 1608 1684 imperium

186 1697 254 1738 est,
277 1691 365 1730 urbi
387 1691 581 1742 praesidio
604 1691 683 1729 sint
704 1702 941 1742 operamque
964 1689 1056 1728 dent
1072 1688 1217 1739 nequid
1236 1701 1298 1727 res
1320 1687 1473 1739 publica
1492 1687 1610 1726 detri-

185 1748 306 1788 menti
328 1747 466 1799 capiat.

417 1857 801 1905 ORATIO
861 1856 906 1899 C.
968 1855 1382 1899 COTTAE

595 1923 661 1958 AD
686 1922 918 1959 POPULUM
943 1920 1200 1957 ROMANUM.

149 2001 164 2032 1
303 1993 487 2042 Quirites,
508 1994 628 2033 multa
650 1993 743 2032 mihi
762 1993 934 2044 pericula
953 1992 1055 2031 domi
1073 1991 1323 2042 militiaeque,
1340 1991 1460 2030 multa
1477 1990 1613 2030 advor-

191 2062 230 2090 sa
253 2051 374 2097 suere,
397 2062 564 2101 quorum
587 2049 657 2089 alia
678 2049 850 2097 toleravi,
872 2049 1011 2099 partim
1033 2047 1188 2100 reppuli
1209 2047 1370 2087 deorum
1404 2047 1555 2086 auxiliis
1576 2052 1614 2086 et

192 2108 332 2146 virtute
365 2119 468 2145 mea:
502 2107 541 2145 in
575 2107 664 2158 quis
693 2105 874 2145 omnibus
897 2116 1109 2156 numquam
1139 2104 1293 2143 animus
1314 2103 1470 2154 negotio
1492 2103 1613 2143 defuit

191 2175 320 2214 neque
337 2163 503 2202 decretis
519 2163 639 2202 labos.
680 2162 799 2202 malae
817 2162 1091 2213 secundaeque
1108 2173 1170 2200 res
1187 2172 1293 2212 opes,
1312 2172 1390 2199 non
1409 2160 1611 2210 ingenium

281 2309 300 2340 2
326 2307 500 2340 maturime
526 2306 584 2350 Vll
605 2310 622 2340 7
649 2309 774 2349 quanto
801 2311 826 2344 (t
852 2308 889 2337 in
913 2307 1055 2345 rasura)
1080 2305 1297 2338 mehercule*
1324 2306 1354 2344 (s
1377 2305 1491 2343 erasa)
1515 2303 1552 2335 V
1564 2301 1577 2346 Η
1594 2304 1613 2336 9

193 2352 308 2386 turbas
333 2363 368 2385 se
395 2356 427 2384 et
446 2353 559 2385 Madv.
575 2352 662 2384 Adv.
676 2351 708 2392 2,
721 2350 787 2384 294
806 2349 817 2393 Ι]
837 2353 876 2384 13
895 2351 1064 2394 oppressit
1083 2350 1124 2391 V,
1148 2352 1230 2382 item
1247 2349 1385 2382 Nonius
1404 2359 1438 2391 p.
1452 2347 1518 2381 229
1544 2350 1616 2380 nisi

193 2398 288 2440 quod
309 2397 460 2440 obrepsit
485 2409 530 2430 ex
554 2397 697 2430 obsessit
723 2396 798 2428 cod.
824 2395 934 2437 Laid„
960 2394 1109 2438 obrepsit
1135 2395 1249 2428 Aldus
1272 2394 1284 2438 ΙΙ
1312 2396 1352 2428 16
1378 2392 1458 2437 quid
1487 2404 1532 2425 ea·-
1556 2393 1613 2436 qui

194 2443 230 2475 V
243 2442 255 2486 {l
272 2444 313 2475 20
338 2443 465 2475 nomini
491 2443 517 2476 p
539 2442 610 2486 {123
643 2445 756 2475 nostra
782 2441 921 2473 Dietsch
939 2440 951 2484 ιΙ
972 2442 1013 2474 24
1038 2440 1080 2473 Μ.
1107 2440 1250 2483 Lepidus
1277 2439 1446 2477 Orellins,
1478 2437 1520 2471 M.
1547 2448 1612 2472 om.

195 2498 231 2530 V
244 2498 256 2542 ιι
273 2500 315 2532 30
329 2497 488 2531 oRAT1o
505 2497 573 2529 cm
588 2525 593 2530 .
610 2496 779 2530 coTTAE
796 2523 802 2530 .
817 2496 873 2528 An
889 2524 895 2530 .
910 2488 976 2530 p-R,
1003 2495 1092 2535 rof.
1104 2507 1138 2539 p.
1156 2495 1219 2529 124
1236 2494 1299 2527 σοι.
1318 2494 1378 2535 JV,
1391 2495 1412 2527 5
1428 2491 1440 2536 ιι
1460 2493 1502 2526 34
1520 2502 1615 2526 num-
1679 2487 1690 2531 λ,

195 2549 258 2586 qua
276 2557 292 2573 ι
308 2544 439 2576 animus
462 2546 499 2575 in
524 2545 687 2585 mar-gine
711 2542 743 2575 V

1629 678 1666 710 10

1641 1841 1693 1904 3ο”

1641 2155 1692 2225 35}
