1709 2885
193 103 271 142 118
647 104 704 136 Ex
730 103 933 137 SALLUSTI
957 103 1167 137 HISTORIIS

190 219 278 256 vos,
301 207 492 255 Quirites,
514 213 553 246 et
573 207 732 257 gloriam
762 207 974 255 maiorum,
995 206 1154 247 tolerate
1184 207 1342 247 advorsa
1363 214 1402 248 et
1421 208 1612 249 consulite

129 271 167 303 14
191 263 247 303 rei
277 263 467 315 publicae.
509 263 628 302 multa
661 275 754 302 cura
783 275 934 302 summo
957 263 1119 314 imperio
1151 264 1264 311 inest,
1294 263 1403 303 multi
1434 265 1613 316 ingentes

191 319 364 368 labores,
387 332 485 372 quos
509 320 743 372 nequiquam
774 319 942 358 abnuitis
968 325 1005 358 et
1025 320 1131 370 pacis
1153 320 1391 372 opulentiam
1413 321 1612 372 quaeritis,

188 388 276 415 cum
308 389 444 416 omnes
474 377 696 428 provinciae
733 388 851 427 regna
885 375 1003 415 maria
1031 382 1235 428 terraeque
1261 389 1397 429 aspera
1426 383 1492 416 aut
1510 377 1611 418 fessa

185 431 298 471 bellis
319 433 408 472 sint.

580 554 864 597 EPISTULA
894 554 980 597 CN.
1012 553 1223 598 POMPEI

725 619 792 654 AD
820 619 1064 655 SENATUM.

138 718 160 752 1
299 711 338 750 Si
371 712 556 751 advorsus
584 725 651 751 vos
682 712 922 764 patriamque
955 719 991 752 et
1020 714 1112 752 deos
1143 714 1294 764 penatis
1325 719 1381 752 tot
1400 713 1552 753 labores
1572 721 1612 754 et

184 768 357 819 pericula
391 769 673 821 suscepissem,
704 769 886 820 quotiens
907 782 926 808 a
956 770 1078 821 prima
1101 769 1362 809 adulescentia
1384 769 1504 809 ductu
1525 782 1612 809 meo

184 825 462 864 scelestissumi
484 826 617 865 hostes
638 825 712 864 fusi
736 832 773 864 et
793 824 900 864 vobis
923 825 1025 865 salus
1047 826 1217 877 quaesita
1237 831 1305 874 est,
1328 826 1423 865 nibil
1446 826 1613 878 amplius

183 880 224 920 in
254 881 454 921 absentem
483 894 544 920 me
574 881 804 921 statuissetis
835 894 949 933 quam
970 883 1096 922 adhuc
1124 882 1249 933 agitis,
1280 888 1409 933 patres
1438 883 1613 922 conscri-

184 937 254 988 pti,
279 950 394 989 quem
418 944 552 977 contra
575 943 735 977 aetatem
753 939 970 990 proiectum
994 938 1038 977 ad
1060 938 1204 978 bellum
1222 939 1501 978 saevissumum
1525 951 1613 978 cum

184 994 356 1033 exercitu
380 1000 539 1046 optume
555 995 708 1042 merito,
731 1001 920 1046 quantum
943 1001 1001 1034 est
1021 995 1059 1033 in
1091 994 1200 1033 vobis
1215 1026 1224 1041 ,
1247 995 1359 1043 fame,
1381 995 1615 1035 miserruma

141 1057 159 1090 2
184 1050 360 1090 omnium
379 1056 516 1099 morte,
539 1051 775 1090 confecistis.
816 1051 953 1090 hacine
975 1063 1045 1101 spe
1059 1050 1231 1102 populus
1253 1050 1452 1091 Romanus
1469 1051 1614 1092 liberos

182 1119 275 1146 suos
306 1108 351 1146 ad
381 1107 526 1147 bellum
556 1106 690 1147 misit?
712 1108 806 1146 haec
845 1113 937 1146 sunt
967 1107 1136 1158 praemia
1157 1119 1229 1158 pro
1250 1107 1475 1146 volneribus
1496 1114 1534 1147 et
1553 1115 1614 1148 to-

180 1163 283 1202 tiens
305 1163 354 1202 ob
375 1176 457 1203 rem
476 1164 670 1216 publicam
687 1164 775 1203 fuso
792 1161 1012 1214 sanguine?
1029 1164 1155 1202 fessus
1169 1162 1381 1202 scribundo
1397 1164 1613 1204 mittundo-

182 1232 257 1271 que
279 1220 426 1271 legatos
455 1221 582 1259 omnis
604 1233 698 1272 opes
729 1226 765 1259 et
794 1232 883 1271 spes
914 1219 1080 1271 privatas
1109 1232 1213 1259 meas
1244 1220 1492 1272 consumpsi,
1524 1233 1614 1260 cum

182 1276 337 1315 interim
367 1289 388 1316 a
417 1276 524 1315 vobis
545 1289 616 1328 per
652 1276 865 1315 triennium
905 1276 962 1314 vix
988 1288 1160 1325 ,annuus
1190 1282 1370 1327 sumptus
1400 1277 1511 1316 datus
1543 1284 1612 1317 est.

139 1339 158 1371 3
181 1345 253 1384 per
274 1332 367 1372 deos
388 1333 618 1381 inmortalis,
640 1339 772 1372 utrum
790 1333 956 1372 censetis
978 1345 1039 1372 me
1060 1332 1180 1372 vicem
1204 1333 1326 1372 aerari
1347 1339 1544 1384 praestare
1564 1346 1612 1373 an

138 1397 158 1428 4
181 1389 394 1429 exercitum
416 1390 501 1428 sine
522 1390 720 1429 frumento
743 1395 780 1428 et
801 1389 994 1441 stipendio
1024 1389 1167 1428 habere
1188 1388 1333 1441 posse?
1356 1389 1534 1440 equidem
1555 1390 1613 1429 fa-

180 1451 266 1484 teor
285 1457 348 1484 me
368 1446 413 1484 ad
445 1446 520 1485 hoc
551 1446 695 1485 bellum
716 1446 863 1484 maiore
884 1445 1011 1485 studio
1040 1458 1153 1497 quam
1187 1445 1349 1485 consilio
1379 1447 1611 1497 profectum,

181 1502 328 1554 quippe
359 1503 425 1553 qui
446 1505 604 1541 nomine
625 1502 740 1541 modo
762 1502 900 1553 imperi
923 1516 941 1541 a
963 1502 1072 1541 vobis
1092 1510 1266 1553 accepto,
1288 1501 1425 1542 diebus
1447 1503 1612 1554 quadra-

181 1559 288 1609 ginta
318 1558 529 1597 exercitum
552 1558 682 1610 paravi
704 1559 905 1609 hostisque
922 1558 961 1597 in
986 1558 1200 1597 cervicibus
1221 1559 1294 1598 iam
1317 1558 1446 1598 Italiae
1463 1559 1612 1610 agentis

180 1614 226 1654 ab
250 1614 413 1666 Alpibus
434 1615 474 1654 in
496 1614 723 1666 Hispaniam
742 1614 931 1653 submovi.
974 1627 1044 1665 per
1066 1627 1129 1654 eas
1152 1615 1224 1654 iter
1244 1615 1348 1654 aliud
1369 1622 1484 1666 atque
1506 1615 1611 1655 Han-

137 1678 156 1709 5
181 1670 299 1717 nibal,
323 1670 436 1710 nohis
459 1671 722 1722 opportunius
739 1671 916 1722 patefeci.
959 1670 1088 1722 recepi
1106 1670 1265 1711 Galliam
1287 1671 1529 1723 Pyrenaeum
1551 1672 1610 1712 la-

179 1727 367 1766 cetaniam
388 1727 575 1777 Indigetis
597 1733 635 1766 et
654 1727 823 1778 primum
849 1727 1036 1778 impetum
1059 1727 1206 1766 Sertori
1229 1728 1385 1767 victoris
1407 1728 1516 1768 novis
1537 1729 1611 1768 mi-

178 1783 312 1823 litibus
334 1788 372 1822 et
391 1784 514 1822 multo
532 1783 784 1835 paucioribus
802 1783 971 1823 sustinui
987 1783 1236 1834 hiememque
1252 1784 1387 1824 castris
1408 1784 1510 1824 inter
1527 1797 1611 1825 sae-

179 1839 369 1879 vissumos
390 1840 535 1888 hostis,
569 1852 649 1879 non
679 1852 750 1891 per
784 1839 927 1891 oppida
949 1852 1078 1891 neque
1107 1852 1153 1878 ex
1182 1840 1391 1880 ambitione
1419 1853 1503 1880 mea
1534 1842 1608 1893 egi.

136 1901 155 1933 6
180 1896 273 1947 quid
295 1896 433 1935 deinde
455 1895 601 1947 proelia
631 1902 697 1935 aut
718 1896 985 1947 expeditiones
1007 1896 1204 1944 hibernas,
1235 1896 1376 1949 oppida
1399 1898 1524 1937 excisa
1545 1904 1611 1938 aut

178 1958 335 2003 recepta
368 1951 624 1992 enumerem?
657 1953 810 2004 quando
841 1965 905 1992 res
934 1951 1023 2004 plus
1052 1952 1150 1992 valet
1171 1965 1286 2004 quam
1316 1953 1443 1992 verba.
1485 1959 1609 1994 castra

179 2008 351 2048 hostium
373 2009 476 2060 apud
499 2009 716 2048 Sucronem
739 2014 848 2060 capta
880 2014 916 2048 et
946 2009 1137 2060 proelium
1159 2009 1261 2061 apud
1284 2010 1428 2050 flumen
1451 2010 1610 2050 Turiam

181 2071 218 2104 et
240 2065 316 2104 dux
338 2065 509 2105 hostium
528 2063 568 2103 C.
591 2065 814 2104 Herennius
832 2078 920 2104 cum
938 2065 1033 2104 urbe
1050 2065 1224 2105 Valentia
1241 2073 1278 2106 et
1299 2067 1472 2106 exercitu
1494 2067 1609 2107 deleti

180 2121 273 2161 satis
294 2121 396 2161 clara
417 2121 525 2161 vobis
546 2127 658 2160 sunt:
692 2134 763 2172 pro
787 2122 897 2172 quis,
920 2135 942 2161 o
965 2123 1061 2172 grati
1083 2129 1234 2174 patreS,
1265 2128 1474 2174 egestatem
1495 2129 1534 2162 et
1554 2123 1609 2162 sa-

179 2190 280 2217 mem
303 2178 476 2217 redditis.
523 2177 654 2229 itaque
675 2189 762 2217 meo
785 2183 823 2217 et
846 2178 1017 2218 hostium
1040 2178 1224 2219 exercitui
1246 2192 1316 2231 par
1336 2179 1515 2218 condicio
1537 2185 1606 2219 est.

136 2241 154 2272 7
180 2246 348 2286 namque
363 2234 600 2286 stipendium
624 2235 752 2274 neutri
775 2234 900 2282 datur,
917 2235 1039 2274 vietor
1061 2241 1225 2287 uterque
1246 2236 1286 2275 in
1308 2235 1454 2275 Italiam
1475 2235 1607 2275 venire

135 2296 155 2329 8
178 2297 319 2342 potest.
362 2291 466 2342 quod
495 2303 567 2342 ego
596 2303 663 2329 vos
692 2303 834 2330 moneo
871 2303 1097 2343 quaesoque
1127 2298 1170 2331 ut
1197 2291 1509 2332 animadvortatis
1531 2304 1608 2332 neu

136 2353 155 2385 9
179 2347 327 2398 cogatis
350 2347 644 2386 necessitatibus
667 2347 842 2398 privatim
859 2348 953 2387 mihi
975 2348 1194 2388 consulere.
1237 2347 1461 2399 Hispaniam
1478 2348 1608 2388 citeri-

272 2493 292 2524 6
318 2490 528 2524 EPISTVLA
555 2482 629 2525 (ᾗ.
646 2490 804 2524 POMPEI
830 2490 885 2524 AD
912 2481 1088 2524 SENATV
1112 2491 1173 2534 Vll
1194 2494 1232 2525 14
1258 2491 1376 2525 hacine
1401 2501 1480 2535 spe,
1514 2493 1610 2534 quod
1672 2511 1674 2513 -

180 2539 330 2568 coniecit
356 2536 520 2577 Ursinus,
555 2541 605 2569 est
628 2539 665 2568 in
691 2536 740 2578 V,
777 2537 838 2569 hac
863 2537 894 2569 in
921 2547 980 2579 spe
1006 2537 1110 2579 vulgo
1130 2536 1142 2580 Η
1159 2538 1200 2569 25
1226 2536 1429 2570 lacetaniam
1454 2537 1607 2579 Hiibner,

181 2580 382 2614 lacetaniam
409 2582 467 2625 VH
488 2584 525 2616 31
555 2581 691 2615 Turiam
719 2582 876 2623 Ursinus,
901 2581 1032 2615 durium
1059 2582 1093 2614 V

1677 2582 1683 2615 ².
