1709 2885
39 721 77 754 10

38 1001 74 1033 15

35 1280 74 1313 20

31 1841 70 1874 30

558 105 612 138 DE
636 105 769 139 BELLO
793 104 1056 138 lUGURTHlNO
1462 103 1510 141 51

107 216 183 250 tem
210 221 431 259 nomenque
459 208 731 260 imperantium
754 220 994 248 concessere.
1042 214 1175 259 postea
1196 207 1424 253 Phoenices,
1455 208 1517 247 alii
1542 212 1589 247 19

106 265 366 305 multitudinis
396 265 498 303 domi
519 264 751 302 minuendae
783 265 913 314 gratia,
945 276 1034 316 pars
1063 264 1202 314 imperi
1225 263 1410 315 cupidine
1440 265 1517 303 sol-

107 321 247 361 licitata
277 321 391 372 plebe
412 327 448 359 et
478 320 560 359 aliis
584 332 770 358 novarum
800 333 930 360 rerum
952 321 1081 368 avidis,
1113 319 1334 371 Hipponem
1365 319 1518 359 Hadru-

106 383 252 417 metum
269 377 419 428 Leptim
441 376 610 427 aliasque
632 376 738 414 urbis
759 376 797 414 in
822 389 886 416 ora
918 377 1120 415 marituma
1142 376 1350 415 condidere
1373 388 1517 426 eaeque

107 433 212 473 brevi
242 433 406 472 multum
428 438 561 472 auctae
591 443 680 483 pars
703 433 904 482 orginibus
936 433 1016 472 suis
1036 432 1230 484 praesidio
1260 431 1355 470 aliae
1386 432 1517 471 decori

105 490 226 529 suere.
265 501 353 528 nam
375 490 420 528 de
438 488 665 539 Carthagine
683 488 797 526 silere
813 489 952 528 melius
973 495 1067 540 puto
1084 500 1198 539 quam
1220 500 1356 539 parum
1374 487 1516 536 dicere,
1541 495 1559 526 2

107 547 289 598 quoniam
310 545 383 584 alio
405 557 615 596 properare
635 550 790 595 tempus
811 551 954 586 monet.

218 601 340 652 Igitur
359 602 405 640 ad
429 600 714 648 Catabathmon,
747 601 813 651 qui
833 601 944 640 locus
965 601 1180 652 Aegyptum
1202 600 1247 638 ab
1271 600 1398 639 Africa
1421 600 1515 638 divi-
1541 607 1559 639 3

107 658 173 704 dit,
204 658 375 696 secundo
396 657 492 696 mari
515 657 638 708 prima
661 657 807 708 Cyrene
830 664 899 703 est,
932 656 1083 696 colonia
1103 656 1318 703 Theraeon,
1341 668 1386 695 ac
1407 656 1516 695 dein-

107 726 198 765 ceps
229 714 326 752 duae
358 713 489 764 Syrtes
520 714 699 763 interque
730 725 792 751 eas
823 712 965 763 Leptis,
1004 713 1141 752 deinde
1171 712 1384 751 Philaenon
1415 725 1515 759 arae,

105 782 220 821 quem
242 770 369 808 locum
399 770 613 820 Aegyptum
634 780 771 807 vorsus
792 769 908 807 finem
929 769 1067 820 imperi
1090 768 1259 807 habuere
1278 768 1517 819 Carthagini-

105 838 230 873 enses,
260 831 348 875 post
367 825 462 863 aliae
482 824 652 863 Punicae
673 824 802 863 urbes.
853 831 979 863 cetera
999 826 1081 864 loca
1103 837 1227 875 usque
1259 825 1304 863 ad
1325 825 1516 863 Maureta·
1540 832 1559 862 4

103 883 205 921 niam
235 881 422 920 Numidae
452 886 606 928 tenent,
645 881 824 932 proxumi
855 880 1040 932 Hispania
1069 881 1191 920 Mauri
1233 888 1336 920 sunt.
1397 893 1517 932 super
1540 889 1558 919 5

103 937 319 977 Numidiam
343 937 524 976 Gaetulos
545 937 765 987 accepimus
796 937 935 988 partim
958 938 996 975 in
1020 937 1185 987 tuguriis
1206 936 1300 976 alios
1330 937 1516 976 incultius

103 1005 220 1044 vagos
241 994 404 1043 agitare,
435 1000 525 1044 post
545 1005 611 1032 eos
633 993 840 1044 Aethiopas
863 1005 969 1040 esse,
1002 993 1142 1032 dehinc
1163 993 1246 1032 loca
1268 1000 1400 1032 exusta
1424 992 1516 1031 solis
1539 999 1558 1030 6

103 1049 318 1089 ardoribus⁴
359 1049 476 1100 igitur
497 1049 597 1088 bello
614 1049 845 1100 Iugurthino
869 1049 1054 1100 pleraque
1078 1061 1122 1088 ex
1137 1048 1296 1088 Punicis
1317 1049 1458 1100 oppida
1480 1055 1517 1087 et
1540 1056 1556 1086 ἵ

102 1106 190 1145 finis
212 1104 600 1156 Carthaginiensium,
625 1117 721 1157 quos
743 1106 965 1144 novissume
986 1105 1213 1152 habuerant,
1245 1106 1415 1156 populus
1438 1105 1516 1144 Ro-

102 1173 240 1201 manus
274 1174 344 1212 per
372 1162 618 1212 magistratus
647 1161 948 1209 administrabat,
979 1161 1232 1201 Gaetulorum
1259 1173 1397 1212 magna
1426 1174 1516 1212 pars

105 1224 141 1256 et
169 1217 355 1256 Numidae
384 1231 509 1269 usque
539 1218 584 1256 ad
622 1218 766 1256 flumen
798 1218 1042 1257 Muluccham
1074 1217 1145 1256 sub
1177 1218 1363 1268 Iugurtha
1395 1225 1515 1264 erant,

104 1273 248 1313 Mauris
269 1274 450 1312 omnibus
473 1286 540 1313 rex
560 1273 736 1313 Bocchus
762 1273 1017 1325 imperitabat,
1048 1280 1201 1325 praeter
1223 1286 1366 1312 nomen
1390 1281 1517 1313 cetera

103 1330 261 1380 ignarus
288 1330 425 1381 populi
446 1330 610 1369 Romani
639 1330 808 1381 itemque
840 1330 952 1369 nobis
974 1342 1102 1381 neque
1131 1329 1232 1368 bello
1267 1342 1394 1380 neque
1422 1342 1517 1381 pace

103 1391 212 1425 antea
234 1386 426 1436 cognitus.
478 1387 523 1425 de
544 1386 672 1425 Africa
693 1392 730 1424 et
752 1386 834 1424 eius
855 1386 993 1424 incolis
1025 1386 1070 1424 ad
1101 1385 1428 1424 necessitudinem
1459 1386 1515 1425 rei
1538 1392 1557 1424 8

102 1442 193 1481 satis
214 1442 371 1481 dictum.

213 1498 423 1549 Postquam
455 1498 574 1536 diviso
605 1509 725 1547 regno
756 1497 869 1547 legati
890 1497 1016 1535 Africa
1038 1497 1238 1535 decessere
1272 1502 1309 1535 et
1328 1496 1514 1547 Iugurtha
1538 1499 1588 1536 20

104 1560 237 1593 contra
258 1555 435 1593 timorem
466 1554 582 1592 animi
604 1553 773 1604 praemia
794 1552 950 1591 sceleris
977 1553 1159 1604 adeptum
1180 1565 1263 1591 sese
1284 1552 1397 1601 videt,
1429 1565 1513 1592 cer-

101 1617 184 1650 tum
214 1623 298 1649 esse
338 1616 464 1658 ratus,
507 1610 610 1661 quod
641 1622 686 1648 ex
724 1609 856 1648 amicis
886 1609 988 1660 apud
1018 1608 1261 1647 Numantiam
1300 1615 1513 1660 acceperat,

102 1667 229 1706 omnia
249 1666 393 1706 Romae
415 1667 561 1705 venalia
584 1678 680 1711 esse,
707 1665 821 1704 simul
851 1672 888 1704 et
907 1665 1061 1704 illorum
1083 1664 1430 1716 pollicitationibus
1451 1677 1514 1704 ac-

101 1735 254 1772 census,
272 1735 370 1773 quos
386 1723 502 1774 paulo
519 1729 608 1762 ante
624 1722 853 1761 muneribus
872 1722 1101 1772 expleverat,
1124 1721 1163 1759 in
1180 1733 1345 1771 regnum
1361 1721 1511 1761 Adher-

99 1778 194 1818 balis
224 1779 395 1818 animum
416 1778 594 1818 intendit.
657 1778 739 1829 ipse
769 1789 857 1815 acer
882 1776 1104 1824 bellicosus,
1137 1784 1174 1815 at
1203 1777 1235 1815 is
1257 1789 1370 1827 quem
1402 1783 1511 1828 pete·
1534 1785 1553 1816 2

99 1835 162 1874 bat
179 1836 333 1886 quietus
351 1834 527 1882 imbellis,
549 1834 701 1885 placido
723 1832 894 1883 ingenio,
918 1839 1163 1884 opportunus
1184 1832 1361 1879 iniuriae,
1384 1840 1510 1872 metu-

99 1903 169 1930 ens
191 1891 313 1941 magis
336 1903 450 1941 quam
470 1890 716 1929 metuendus.
758 1888 878 1939 igitur
907 1901 951 1928 ex
972 1889 1169 1940 inproviso
1197 1888 1287 1928 finis
1309 1889 1390 1927 eius
1422 1901 1510 1928 cum
1534 1897 1552 1928 3

98 1959 234 1998 magna
265 1954 384 1985 manu
423 1946 586 1993 invadit,
626 1946 769 1984 multos
799 1944 971 1984 mortalis
1003 1957 1090 1984 cum
1122 1957 1264 1996 pecore
1294 1951 1409 1996 atque
1439 1945 1510 1984 alia

97 2004 237 2054 praeda
255 2004 369 2054 capit,
392 2002 559 2041 aedificia
577 2001 762 2049 incendit,
784 2002 969 2053 pleraque
984 2001 1066 2039 loca
1082 2001 1276 2040 hostiliter
1294 2013 1382 2040 cum
1400 2002 1509 2052 equi-

98 2064 178 2098 tatu
209 2058 379 2105 adcedit,
418 2058 557 2097 deinde
588 2070 675 2097 cum
707 2058 812 2096 omni
842 2057 1090 2097 multitudine
1120 2057 1159 2095 in
1199 2069 1365 2108 regnum
1395 2070 1509 2097 suum
1531 2065 1550 2096 4

98 2115 300 2161 convomit,
325 2115 559 2154 existumans
576 2114 829 2153 Adherbalem
850 2113 982 2153 dolore
1003 2119 1224 2165 permotum
1245 2114 1405 2153 iniurias
1419 2126 1508 2154 suas

97 2183 213 2210 manu
236 2171 518 2210 vindicaturum
540 2183 700 2221 eamque
721 2182 803 2209 rem
824 2170 913 2209 belli
936 2182 1089 2209 causam
1110 2171 1206 2208 sore.
1247 2176 1285 2208 at
1304 2170 1380 2217 ille,
1403 2171 1507 2221 quod
1531 2178 1549 2209 5

98 2239 224 2278 neque
259 2240 299 2266 se
330 2239 463 2278 parem
494 2227 609 2266 armis
640 2226 891 2266 existumabat
922 2232 958 2265 et
988 2226 1152 2265 amicitia
1182 2226 1319 2277 populi
1344 2226 1507 2266 Romani

95 2284 217 2334 magis
242 2295 357 2335 quam
377 2283 554 2322 Numidis
574 2283 696 2322 fretus
719 2288 819 2330 erat,
849 2283 994 2333 legatos
1015 2283 1061 2321 ad
1082 2282 1305 2333 Iugurtham
1329 2283 1374 2321 de
1404 2283 1506 2322 iniu-

98 2339 166 2378 riis
188 2346 368 2391 questum
401 2340 516 2378 misit.
567 2339 632 2390 qui
654 2339 804 2379 tametsi
827 2338 1106 2378 contumeliosa
1137 2338 1236 2378 dicta
1266 2339 1506 2387 rettulerant,

187 2486 205 2517 3
230 2483 462 2527 hadrymetum
488 2484 516 2515 Ρ
531 2482 542 2525 Η
564 2484 601 2514 10
627 2482 798 2526 phylenon
826 2482 852 2515 C
868 2482 879 2525 Η
899 2484 937 2515 13
967 2482 1108 2525 proximi
1132 2482 1286 2525 hispania
1309 2483 1508 2514 Arusianus

94 2539 127 2570 p.
145 2528 221 2569 252,
246 2529 386 2571 proximi
412 2528 582 2571 hispanias
598 2527 660 2567 PC,
686 2528 833 2569 proxime
858 2527 1044 2570 hispaniam
1060 2526 1087 2560 C
1102 2526 1114 2571 l}
1135 2529 1170 2561 15
1199 2528 1384 2570 aethyopas
1401 2528 1450 2569 Pp
1467 2529 1504 2561 18

96 2583 172 2616 pras
198 2573 254 2617 Pu
272 2575 312 2606 25
339 2572 619 2606 antemameribus
646 2573 735 2615 (sup.
761 2583 777 2605 a
802 2573 988 2606 semmdam
1014 2583 1034 2602 v
1057 2575 1097 2614 p)
1123 2573 1153 2604 P

1199 2630 1246 2660 4*
