1709 2885
179 102 230 141 70
681 105 714 138 C.
734 103 938 138 SALLUSTI
962 102 1097 138 CRISPI

137 213 155 246 3
178 213 337 247 eventus
354 207 392 245 in
415 206 564 245 incerto
587 211 679 244 erat.
720 205 888 256 denique
905 204 1085 244 omnibus
1105 203 1237 243 labore
1252 211 1289 243 et
1309 211 1415 244 aestu
1436 204 1589 256 langui-

180 263 236 303 dis
257 262 454 310 Metellus,
476 261 542 301 ubi
563 261 663 301 videt
691 261 874 301 Numidas
903 261 1031 300 minus
1053 261 1216 309 instare,
1247 261 1427 312 paulatim
1449 261 1590 300 milites

181 320 218 358 in
242 331 364 358 unum
385 318 586 366 conducit,
609 318 765 357 ordines
787 317 954 356 restituit
975 322 1012 356 et
1033 317 1205 356 cohortis
1227 317 1456 367 legionarias
1478 324 1589 368 quat·

178 382 268 414 tuor
288 375 491 414 advorsum
513 375 661 426 pedites
681 374 850 413 hostium
873 374 1060 412 conlocat.
1102 385 1234 412 eorum
1256 385 1393 424 magna
1414 386 1503 425 pars
1524 386 1589 413 su-

135 438 153 469 4
180 431 397 483 perioribus
418 431 513 470 locis
541 431 640 470 sessa
662 430 901 469 consederat.
942 430 1055 469 simul
1087 442 1196 468 orare
1228 435 1265 469 et
1283 430 1428 469 hortari
1451 430 1591 469 milites
1619 437 1640 469 5

180 500 227 527 ne
248 488 459 527 deficerent
498 499 573 526 neu
596 492 822 538 paterentur
837 486 959 526 hostis
979 486 1162 537 fugientis
1178 485 1345 534 vincere3
1369 499 1495 538 neque
1517 486 1591 525 illis

178 550 300 584 castra
324 556 409 583 esse
431 555 558 594 neque
579 543 865 582 munimentum
897 542 1040 590 ullum,
1063 555 1138 593 quo
1163 542 1342 581 cedentes
1365 543 1589 590 tenderent3

135 608 153 639 5
179 601 216 640 in
246 601 362 639 armis
394 600 522 638 onmia
552 600 635 638 sita.
686 599 751 638 sed
782 612 830 638 ne
860 598 1044 650 Iugurtha
1074 599 1229 649 quidem
1259 599 1405 637 interea
1435 599 1590 651 quietus

178 663 276 696 erat:
310 656 514 695 circumire
535 655 703 702 hortari,
735 667 919 694 renovare.
941 655 1131 706 proelium
1162 661 1197 694 et
1219 655 1301 705 ipse
1323 667 1410 694 cum
1432 654 1590 694 delectis

177 719 364 765 temptare
386 712 527 759 omnia,
550 711 754 751 subvenire
770 712 862 757 suis,
883 711 1060 750 hostibus
1081 711 1206 750 dubiis
1228 712 1385 759 instare,
1407 723 1505 762 quos
1522 711 1587 749 fir-
1620 717 1658 749 10

96 771 149 808 52
175 782 258 808 mos
288 775 520 820 cognoverat
550 769 701 807 eminus
730 767 938 820 pugnando
978 768 1157 806 retinere.
1209 780 1253 807 eo
1285 767 1399 806 niodo
1427 767 1529 806 inter
1549 779 1590 806 se
1678 779 1680 782 ·

173 826 247 865 duo
269 826 521 877 imperatores
542 825 681 864 summi
699 824 767 863 viri
785 824 995 871 certabant,
1018 824 1091 875 ipsi
1110 836 1234 875 pares,
1257 831 1427 863 ceterum
1450 823 1590 875 opibus

129 888 149 920 2
174 882 405 934 disparibus.
447 893 533 920 nam
550 880 700 920 Metello
722 882 843 920 virtus
878 881 1043 919 militum
1065 886 1157 927 erat,
1175 880 1284 919 locus
1305 881 1502 927 advorsus,
1525 879 1590 919 Iu-

131 944 150 976 3
174 939 335 989 gurthae
357 938 427 977 alia
450 938 577 976 omnia
608 943 761 988 praeter
791 937 930 975 milites
948 942 1181 988 opportuna.
1223 937 1391 987 denique
1411 935 1588 984 Romani,

174 994 239 1033 ubi
256 994 488 1045 intellegunt
503 1006 633 1045 neque
654 994 725 1033 sibi
748 993 968 1045 perfugium
988 1005 1072 1032 esse
1095 1006 1221 1043 neque
1242 993 1288 1031 ah
1310 993 1422 1032 hoste
1439 992 1588 1044 copiam
1622 999 1658 1030 15
1681 998 1684 1003 '

174 1051 372 1103 pugnandi
394 1050 478 1089 fieri
503 1073 553 1078 —
576 1056 613 1089 et
634 1050 707 1089 iam
730 1050 789 1089 die
809 1062 947 1100 vesper
977 1055 1057 1088 erat
1076 1072 1128 1077 --κ
1152 1049 1312 1087 advorso
1335 1048 1454 1097 colle,
1475 1049 1589 1087 sicuti

127 1113 146 1145 4
172 1113 420 1158 praeceptum
440 1107 577 1154 fuerat,
598 1106 773 1145 evadunt.
816 1107 955 1145 amisso
976 1106 1061 1144 loco
1078 1104 1264 1143 Numidae
1285 1105 1360 1143 susi
1377 1105 1588 1155 fugatique.

173 1165 283 1215 pauci
307 1163 512 1209 interiere,
536 1162 744 1214 plerosque
774 1162 954 1200 velocitas
975 1167 1011 1200 et
1039 1161 1145 1211 regio
1178 1161 1353 1200 hostibus
1374 1161 1504 1211 ignara
1527 1167 1590 1199 tu-

173 1226 250 1260 tata
271 1225 374 1259 sunt.
1688 1248 1691 1258 1

129 1283 147 1314 5
284 1277 432 1315 Interea
454 1274 669 1321 Bomilcar,
693 1274 807 1325 q‘uem
829 1273 1045 1324 elephantis
1067 1279 1104 1311 et
1124 1272 1222 1324 parti
1246 1273 1445 1324 copiarum
1469 1272 1586 1323 pede·
1617 1278 1657 1311 20
1681 1266 1691 1306 ·ἒ

169 1333 305 1372 strium
328 1331 568 1383 praefectum
589 1330 635 1369 ab
656 1330 843 1381 Iugurtha
865 1342 981 1381 supra
1005 1329 1168 1368 diximus
1184 1360 1193 1376 ,
1223 1329 1287 1368 ubi
1311 1341 1398 1368 eum
1419 1328 1589 1368 Rutilius
1684 1321 1691 1350 ·'

171 1395 484 1440 praetergressus
515 1392 592 1434 est,
623 1386 807 1438 paulatim
829 1399 922 1425 suos
953 1386 993 1425 in
1025 1397 1187 1437 aequom
1220 1385 1347 1424 locum
1370 1385 1525 1424 deducit
1545 1398 1589 1424 ac

169 1445 259 1484 dum
290 1445 438 1495 legatus
467 1443 514 1483 ad
539 1444 708 1492 flumen,
738 1455 815 1494 quo
845 1442 1080 1494 praemissus
1102 1449 1201 1489 erat,
1233 1442 1420 1481 festinans
1448 1441 1588 1492 pergit,

169 1502 345 1553 quietus,
369 1501 424 1540 uti
447 1512 508 1539 res
537 1499 776 1550 postulabat,
807 1499 927 1537 aciem
945 1504 1126 1545 exornat,
1159 1511 1286 1549 neque
1316 1498 1475 1537 remittit
1495 1497 1590 1548 quid
1677 1538 1685 1550 ,

126 1564 145 1594 6
168 1557 313 1608 ubique
340 1556 463 1595 hostis
492 1561 623 1606 ageret
652 1556 863 1606 explorare.
911 1560 1115 1605 postquam
1148 1554 1335 1593 Rutilium
1366 1554 1588 1594 consedisse
1617 1560 1656 1593 25
1680 1564 1687 1604 »ἢ

170 1614 242 1653 iam
268 1619 306 1653 et
326 1614 454 1652 animo
477 1624 636 1651 vacuom
657 1611 804 1663 accepit
824 1610 1017 1661 simulque
1048 1623 1091 1649 ex
1114 1611 1322 1661 Iugurthae
1342 1610 1492 1661 proelio
1513 1610 1591 1649 cla·
1685 1618 1687 1625 ’

170 1682 316 1709 morem
337 1669 492 1720 augeri,
525 1668 669 1706 veritus
700 1681 749 1706 ne
778 1668 925 1717 legatus
957 1667 1110 1717 cognita
1144 1679 1183 1705 re
1215 1666 1480 1706 laborantibus
1509 1667 1590 1707 suis

168 1726 309 1765 auxilio
330 1725 451 1771 soret,
485 1724 606 1763 aciem
638 1736 751 1774 quam
783 1723 961 1762 diffidens
989 1723 1118 1761 virtuti
1151 1723 1313 1762 militum
1346 1728 1425 1762 arte
1446 1729 1591 1763 statue-

168 1787 248 1829 rat,
270 1794 347 1833 quo
370 1780 540 1820 hostium
563 1780 691 1819 itineri
714 1780 906 1823 officeret,
939 1779 1053 1818 latius
1075 1779 1240 1831 porrigit
1261 1792 1385 1830 eoque
1408 1779 1522 1818 modo
1543 1779 1590 1818 ad
1683 1807 1685 1833 3

94 1840 143 1877 53
170 1838 285 1878 Rutili
316 1843 439 1877 castra
469 1836 655 1888 procedit.
705 1835 869 1874 Romani
900 1847 944 1874 ex
975 1835 1173 1887 inproviso
1204 1836 1374 1887 pulveris
1403 1835 1477 1874 vim
1509 1847 1590 1874 ma·
1620 1839 1685 1876 30:

168 1907 281 1945 gnam
313 1893 642 1933 animadvortunt:
682 1888 770 1931 nafii
803 1897 1054 1943 prospectum
1091 1904 1182 1942 ager
1219 1892 1387 1932 arbustis
1417 1892 1592 1931 consitus
1682 1898 1685 1908 ¹

167 1950 407 2002 prohibebat.
449 1955 487 1988 et
515 1949 641 2000 primo
663 1948 733 1987 rati
755 1949 915 1987 humum
936 1948 1081 1987 aridam
1102 1953 1214 1987 vento
1237 1948 1392 1999 agitari,
1414 1954 1504 1999 post
1525 1947 1591 1986 ubi

167 2006 406 2059 aequabilem
436 2017 592 2044 manere
615 2012 670 2052 et,
702 2004 814 2044 sicuti
844 2005 946 2043 acies
973 2004 1218 2051 movebatur,
1249 2005 1369 2055 magis
1390 2004 1592 2055 magisque

168 2063 483 2115 adpropinquare
513 2061 663 2109 vident,
694 2060 846 2110 cognita
877 2073 918 2099 re
949 2066 1205 2112 properantes
1236 2073 1338 2100 arma
1369 2061 1529 2111 capiunt
1547 2071 1592 2099 ac
1682 2103 1683 2106 Ἴ

126 2125 145 2157 2
170 2132 241 2171 pro
263 2119 421 2167 castris,
451 2117 564 2157 sicuti
585 2117 866 2169 imperabatur,
888 2117 1120 2156 consistunt.
1162 2117 1319 2165 deinde,
1342 2116 1407 2155 ubi
1429 2117 1592 2168 propius
1621 2123 1680 2156 35.

126 2181 144 2214 3
167 2182 323 2215 ventum
353 2180 430 2222 est,
472 2174 668 2224 utrimque
713 2185 853 2224 magno
894 2173 1061 2213 clamore
1099 2173 1357 2213 concurritur.
1405 2172 1592 2211 Numidae

170 2238 319 2272 tantum
340 2231 455 2270 niodo
478 2230 673 2277 remorati,
695 2230 785 2269 dum
808 2230 847 2268 in
870 2230 1086 2281 elephantis
1107 2229 1289 2276 auxilium
1311 2233 1461 2280 putant,
1484 2235 1593 2280 post-

168 2301 281 2339 quam
304 2300 370 2328 eos
400 2287 595 2338 inpeditos
624 2286 738 2325 ramis
759 2285 940 2325 arborum
971 2292 1087 2337 atque
1107 2286 1156 2325 ita
1179 2285 1359 2326 disiectos
1380 2285 1593 2324 circumve-

169 2344 243 2384 niri
273 2344 424 2391 vident,
455 2343 584 2394 sugam
612 2343 759 2382 faciunt
787 2354 831 2381 ac
851 2342 1028 2393 plerique
1057 2342 1214 2382 abiectis
1242 2341 1358 2381 armis
1388 2341 1498 2380 collis
1527 2347 1593 2380 aut

125 2407 143 2438 4
167 2401 294 2441 noctis
315 2413 412 2452 quae
433 2400 507 2438 iam
529 2399 658 2439 aderat
677 2398 818 2438 auxilio
840 2398 980 2448 integri
999 2398 1156 2438 abeunt.
1193 2397 1387 2449 elephanti
1410 2403 1592 2448 quattuor
1620 2402 1660 2435 40

258 2502 271 2532 1
300 2499 333 2532 in
358 2510 384 2532 s.
401 2510 426 2531 s.
444 2497 497 2542 Pu
518 2500 536 2531 3
558 2498 705 2532 restituit
729 2508 772 2529 exc
798 2497 923 2530 inducit
941 2497 994 2540 Pu
1017 2499 1055 2532 16
1081 2497 1134 2530 die
1164 2496 1226 2537 PC,
1252 2496 1317 2529 diei
1344 2495 1398 2538 011
1418 2498 1455 2529 17
1484 2495 1592 2529 suerat

171 2544 230 2584 PC,
255 2548 325 2577 erat
352 2544 379 2577 C
394 2543 406 2587 ll
429 2544 465 2576 18
483 2543 662 2586 plerosque
685 2543 720 2585 C,
744 2542 923 2585 pluresque
949 2542 1089 2586 1201129
1114 2542 1223 2575 itineri
1258 2553 1302 2573 em
1335 2541 1452 2574 itinere
1477 2540 1533 2584 Pn
1550 2542 1590 2575 31

167 2589 435 2622 animaduertunt
462 2599 506 2620 ει·
531 2588 765 2621 animaduertit
791 2588 820 2620 P
