1709 2885
134 77 192 101 xvi
519 66 761 100 PRAEFATIO
787 64 998 100 EDITIONIS
1023 64 1196 99 PRIMAE.

136 170 198 215 sit,
220 181 282 208 me
303 180 469 220 prorsus
490 167 603 207 aliter
622 168 794 208 iudicare
815 169 1017 208 confiteor.
1059 168 1236 207 confecta
1262 172 1319 206 est
1349 166 1451 206 enim
1482 166 1560 218 syl-

136 225 223 275 loga
245 225 309 264 illa
333 226 379 264 ab
410 224 569 264 bomine
599 226 849 275 grammatico
880 224 1034 275 vigente
1066 225 1266 263 etiamtum
1294 223 1459 275 imperio
1481 223 1560 262 Ro-

136 294 265 328 man0,
289 281 353 332 qui
376 281 493 320 homo
516 293 750 333 quamquam
772 280 871 319 libro
893 286 951 319 sat
971 279 1074 320 bono
1097 292 1193 319 usus
1214 285 1285 325 est,
1307 279 1408 319 idem
1429 285 1559 319 tamen

136 349 253 377 mauu
275 337 410 376 audaci
434 349 513 376 non
536 337 663 376 solum
684 336 892 376 verborum
915 336 1089 375 ordinem
1122 336 1356 384 immutavit,
1387 335 1424 375 id
1454 335 1560 386 quod

137 394 250 433 etiam
282 393 476 432 Linkerus
507 394 725 444 perspexit,
762 405 894 432 verum
931 393 1044 431 etiam
1074 393 1118 431 ad
1150 392 1363 443 elegantiae
1390 392 1561 454 puerique

135 450 329 489 sermonis
351 449 503 500 qualem
526 449 597 488 sibi
620 450 843 488 insormaxit
871 461 1046 488 normam
1076 449 1194 488 multa
1225 448 1412 496 correxit,
1442 448 1560 486 immo

136 509 325 557 corrupit.
368 518 487 556 quare
509 506 583 544 hoc
605 505 789 544 Vaticano
812 505 945 544 codice
967 506 1015 544 ita
1039 517 1132 545 usus
1158 517 1256 548 sum
1288 511 1331 543 ut
1351 516 1449 556 quae
1471 515 1560 544 cum

137 561 313 601 Parisino
344 562 566 600 communia
596 562 733 601 habeat
761 574 804 601 ea
834 574 948 613 quam
979 561 1142 601 maxime
1172 561 1342 611 genuina
1363 561 1561 608 ducerem,

138 630 236 669 quae
257 619 365 656 solus
387 625 522 657 contra
545 624 764 658 ceterorum
786 630 1022 657 consensum
1052 618 1235 669 praebeat
1266 629 1309 657 ea
1339 623 1405 657 aut
1433 617 1561 656 abice-

136 686 219 713 rem
239 679 305 713 aut
325 674 547 713 dubitanter
576 675 793 726 probarem.
836 687 934 726 quae
965 686 1052 713 cum
1083 675 1131 714 ita
1163 675 1260 720 sint,
1291 673 1418 712 donec
1447 684 1562 712 accu-

137 731 257 769 ratius
278 730 394 782 primi
425 731 579 780 generis
600 731 689 770 libri
719 731 906 782 explorati
941 731 1106 777 suerint,
1137 730 1321 769 idoneum
1351 729 1474 768 visum
1505 733 1564 768 est

138 787 312 838 integrae
334 786 500 826 Parisini
518 787 604 825 libri
631 787 915 838 discrepantiae
931 788 1138 837 (integram
1155 787 1240 826 dico
1259 793 1411 837 praeter
1428 785 1563 824 ortho-

138 843 351 894 graphiam,
374 843 557 882 vocabula
579 855 650 895 per
671 844 900 895 compendia
931 843 1074 894 scripta
1105 843 1340 893 similiaque)
1369 842 1562 881 delectum

136 899 333 950 adponere
356 912 401 938 ex
422 900 628 951 scripturis
650 906 867 940 ceterorum
892 900 1065 939 eiusdem
1087 899 1250 938 familiae
1273 900 1414 938 sactum
1430 929 1439 946 ‚
1466 909 1563 949 pau-

138 956 291 995 cissima
321 968 411 995 vero
454 969 499 995 ex
538 956 647 995 libris
688 956 943 1008 interpolatis.
1004 956 1173 1006 denique
1205 955 1376 994 Vaticani
1418 953 1563 993 codicis

137 1011 325 1051 lectiones
356 1012 447 1051 item
478 1013 648 1063 integras
680 1012 779 1052 dedi.
839 1018 1038 1064 praeterea
1067 1018 1239 1051 veterum
1272 1011 1492 1051 testimonia
1520 1022 1563 1049 ea

137 1081 237 1118 quae
258 1068 486 1107 notabiliora
507 1069 738 1108 videbantur
759 1069 1046 1108 commentariis
1068 1068 1228 1107 inserui.
1272 1080 1291 1106 e
1313 1067 1455 1118 quibus
1474 1077 1561 1105 cum

137 1124 402 1164 Frontoniana
425 1125 571 1164 ambitu
595 1131 631 1164 et
652 1125 882 1165 auctoritate
905 1126 1044 1165 ceteris
1066 1131 1283 1175 praestent,
1316 1124 1439 1162 virum
1470 1123 1563 1161 doc-

137 1181 329 1220 tissimum
352 1181 411 1220 W.
429 1181 474 1220 N.
497 1182 549 1221 du
566 1181 664 1221 Rieu
687 1182 733 1221 de
755 1182 949 1233 scriptura
966 1181 1278 1220 membranarum
1296 1179 1564 1231 palirnpsesta·

138 1249 225 1276 rum
257 1237 450 1276 consului.
502 1238 704 1289 rescripsit
733 1238 1001 1277 liberalissime
1033 1237 1266 1288 paucissima
1297 1248 1403 1274 nunc
1432 1235 1472 1274 in
1509 1234 1565 1274 eis

137 1294 291 1345 paginis
313 1294 353 1332 in
376 1293 519 1344 quibus
540 1294 699 1333 Sallusti
726 1294 840 1333 verba
872 1299 1002 1333 extant
1030 1293 1105 1345 legi
1135 1304 1270 1344 posse:
1302 1291 1405 1330 binis
1436 1298 1563 1331 tamen

139 1350 234 1389 locis
252 1361 396 1388 nomen
415 1350 498 1389 eius
515 1349 816 1390 adscribendum
835 1356 929 1395 erat,
947 1350 1086 1389 ceteris
1105 1349 1241 1400 Angeli
1259 1348 1346 1387 Maii
1364 1348 1437 1387 lide
1458 1352 1564 1387 stan-

138 1406 243 1453 dum,
267 1406 379 1444 cuius
400 1406 577 1446 Romano
600 1408 777 1459 exemplo
799 1419 903 1445 anno
932 1407 1035 1447 1823
1060 1406 1161 1446 edito
1185 1418 1280 1445 usus
1301 1417 1400 1443 sum.

251 1461 410 1501 Praeter
431 1462 632 1502 Catilinam
655 1469 692 1502 et
708 1463 935 1514 Iugurtham
958 1463 1058 1501 edidi
1082 1461 1426 1501 Historiarum
1450 1459 1564 1499 reli-

140 1518 279 1570 quias
301 1519 544 1570 potiores.
586 1531 630 1558 ac
651 1519 821 1570 primum
843 1519 998 1569 quidem
1021 1518 1281 1557 orationes
1304 1523 1348 1556 et
1370 1516 1564 1568 epistu-

140 1576 211 1614 las
228 1574 311 1614 solo
329 1575 461 1614 codice
473 1575 657 1615 Vaticano
674 1576 719 1614 ad
731 1588 802 1614 nos
818 1581 1048 1627 propagatas
1066 1587 1149 1614 esse
1168 1575 1329 1625 eiusque
1342 1573 1564 1625 apographa

140 1643 225 1670 esse
249 1632 423 1682 exempla
445 1631 599 1671 saeculo
621 1631 685 1670 XV
717 1632 861 1683 scripta
891 1631 1108 1671 certissimo
1138 1636 1369 1680 argumento
1401 1630 1563 1668 demon-

140 1687 254 1727 stravi
276 1688 402 1726 musei
424 1687 603 1727 Rhenani
627 1688 699 1727 vol.
723 1688 855 1733 XVIII,
888 1689 935 1727 cf.
967 1688 1083 1727 huius
1116 1687 1295 1726 editionis
1318 1699 1356 1738 p.
1383 1687 1474 1731 14⁶2,
1496 1687 1563 1727 28.

140 1750 339 1795 praeterea
355 1745 673 1784 emendationum
689 1745 932 1795 quarundam
954 1744 1102 1795 primos
1123 1750 1304 1783 auctores
1323 1743 1451 1781 inveni
1469 1754 1565 1781 con-

139 1800 225 1840 latis
247 1800 484 1840 editionibus
505 1801 678 1840 Romana
700 1814 731 1840 a.
760 1801 865 1841 149⁴)
897 1814 915 1839 a
936 1800 1155 1852 Pomponio
1185 1800 1302 1838 Laeto
1324 1798 1481 1838 Venetis
1509 1810 1565 1837 aa.

148 1858 249 1897 1509
273 1862 309 1896 et
335 1858 435 1897 1521
461 1857 508 1896 ab
532 1857 626 1896 Aldo
649 1857 711 1896 illa
733 1857 805 1896 hac
820 1869 840 1895 a
856 1857 1085 1896 Franscisco
1103 1856 1274 1895 Asulano
1292 1855 1448 1895 curatis.
1490 1854 1567 1894 eis·

140 1914 226 1953 dem
249 1913 358 1952 libris
381 1926 475 1953 usus
497 1926 583 1952 sum
604 1914 644 1952 in
667 1914 920 1953 recensendis
943 1913 1083 1953 incerti
1105 1912 1275 1952 auctoris
1294 1913 1440 1963 (neque
1461 1911 1567 1950 enim

141 1969 218 2008 duo
241 1969 422 2009 videntur
452 1972 553 2018 esse)
585 1969 829 2021 epistulis
859 1971 912 2009 ad
945 1969 1226 2016 Caesarem,
1256 1968 1406 2008 ratione
1436 1973 1565 2007 tamen

141 2026 302 2065 diversa.
345 2039 433 2065 nam
457 2039 534 2077 quo
557 2027 702 2066 certius
723 2026 769 2065 de
790 2026 908 2065 huius
931 2026 1098 2065 rhetoris
1118 2024 1315 2065 scribendi
1337 2035 1482 2075 genere
1505 2023 1566 2062 iu-

140 2082 259 2121 dicari
279 2088 425 2134 posset,
456 2084 581 2122 visum
612 2088 670 2122 est
698 2095 748 2121 ne
778 2082 1094 2134 orthographiam
1126 2081 1282 2133 quidem
1312 2080 1387 2119 nisi
1416 2079 1565 2118 monito

139 2138 285 2178 lectore
310 2140 529 2179 immutare.

252 2195 513 2235 Historiarum
533 2195 633 2234 libro
655 2195 828 2235 secundo
859 2195 925 2245 qui
948 2194 1037 2233 Ber
1052 2192 1308 2233 olinensis
1329 2192 1565 2231 membra-

142 2264 230 2291 nae
253 2252 366 2291 verba
387 2253 600 2292 vindicaret
621 2251 770 2303 primus
792 2251 916 2291 extitit
938 2251 976 2290 C.
994 2251 1036 2289 L.
1059 2250 1225 2289 Rothius
1246 2248 1368 2287 musei
1387 2248 1565 2288 Rhenani

139 2307 336 2347 volumine
358 2309 463 2349 VIII:
487 2309 634 2360 quippe
657 2308 696 2347 C.
721 2308 851 2348 Cottae
874 2307 1060 2346 orationis
1082 2304 1320 2358 principium
1343 2305 1381 2344 in
1405 2310 1565 2356 quartae

141 2364 346 2404 columnae
381 2365 560 2416 reliquiis
589 2364 708 2404 latere
737 2365 893 2415 egregio
924 2364 1102 2403 acumine
1135 2363 1343 2402 adsecutus
1373 2367 1442 2402 est.
1497 2360 1566 2400 sed

141 2421 325 2471 quoniam
343 2433 414 2472 pro
437 2422 493 2460 eis
516 2433 614 2472 quae
636 2421 936 2472 requirebantur
954 2421 1159 2469 [dislserm'c
1171 2425 1208 2458 et
1223 2418 1360 2469 [sedere
1372 2417 1491 2469 q[uae]
1508 2422 1565 2456 ta-

140 2475 230 2516 bula
252 2477 392 2516 Pertzii
415 2478 614 2517 exhiberet
635 2480 748 2517 ieruz't
770 2483 808 2516 et
827 2489 903 2528 aeq,
925 2476 1089 2515 leviculo
1111 2487 1203 2514 sane
1221 2474 1460 2521 discrimine,
1484 2473 1565 2513 edi-

140 2538 265 2572 torem
295 2534 459 2585 epistula
490 2534 581 2573 adiit
612 2533 880 2585 quaesivitque
912 2532 959 2572 de
988 2531 1171 2571 litterulis
1200 2530 1276 2569 illis
1307 2542 1401 2569 num
1423 2531 1565 2570 iterum
