1709 2885
174 79 228 119 50
679 81 712 115 C.
731 80 935 115 SALLUSTI
960 80 1095 114 CRISPl

178 186 346 225 Africam
367 184 591 232 habuerint,
610 183 755 236 quique
777 189 910 235 postea
932 183 1180 231 adcesserint,
1202 191 1267 224 aut
1287 197 1364 236 quo
1384 184 1500 226 modo
1530 185 1592 224 in·
1654 215 1657 217 Α

179 249 235 281 ter
256 254 297 280 se
318 240 496 292 permixti
518 241 610 289 sint,
642 252 873 292 quamquam
895 239 941 279 ab
964 251 1006 279 ea
1026 240 1137 290 sama,
1171 253 1269 292 quae
1290 241 1499 293 plerosque
1520 253 1591 293 op-

176 298 286 346 tinet,
309 297 503 336 divorsum
523 303 593 342 est,
615 301 742 336 tamen
761 296 815 334 uti
839 308 884 334 ex
904 295 1012 335 libris
1028 296 1200 346 Punicis,
1223 297 1289 349 qui
1311 297 1412 349 regis
1430 296 1591 349 Hiemp-

179 353 268 393 salis
290 352 532 401 dicebantur,
555 353 849 403 interpretatum
874 352 986 392 nobis
1007 359 1065 392 est
1085 354 1219 415 utique
1240 366 1322 393 rem
1344 366 1429 394 sese
1449 352 1591 393 habere

179 409 348 450 cultores
371 409 454 448 eius
484 416 609 448 terrae
630 414 782 459 putant,
812 420 927 459 quam
948 409 1206 460 paucissumis
1236 409 1372 450 dicam.
1420 415 1592 449 ceterum

178 466 273 506 fides
295 465 378 505 eius
399 465 453 504 rei
476 477 598 517 penes
618 471 796 504 auctores
819 465 901 504 erit.

107 528 153 563 18
294 522 461 560 Africam
484 521 593 561 initio
616 521 785 560 habuere
803 520 952 560 Gaetuli
975 527 1012 559 et
1033 521 1185 572 Libyes,
1206 523 1333 572 asperi
1363 522 1592 573 incultique,

178 578 266 629 quis
287 577 398 616 cibus
420 583 501 616 erat
526 589 615 616 caro
647 577 769 616 serina
798 582 911 628 atque
940 577 1048 616 humi
1070 577 1255 628 pabulum
1285 578 1341 617 uti
1371 577 1592 630 pecoribus.

137 644 154 674 2
181 635 213 673 ei
231 646 359 685 neque
376 633 551 673 moribus
569 645 697 684 neque
718 633 804 684 lege
823 641 888 672 aut
908 633 1071 684 imperio
1087 634 1318 686 cuiusquam
1337 634 1591 685 regebantur:

136 699 154 731 3
179 691 262 742 vagi
284 690 458 742 palantes
479 702 575 740 quas
606 701 684 728 nox
706 696 882 741 coegerat
913 690 1023 729 sedes
1044 689 1247 730 habebant.
1290 690 1357 730 sed
1386 696 1591 742 postquam

178 747 218 786 in
241 746 427 798 Hispania
448 745 651 792 Hercules,
681 746 794 785 sicuti
823 746 902 785 Afri
926 752 1073 797 putant,
1095 746 1255 795 interiit,
1287 746 1480 786 exercitus
1509 746 1593 786 eius

179 803 408 855 conpositus
431 815 475 841 ex
504 802 618 841 variis
648 802 828 853 gentibus
856 802 996 842 amisso
1019 802 1116 842 duce
1131 815 1174 842 ac
1194 802 1338 854 passim
1360 803 1492 842 multis
1521 802 1594 842 sibi

135 867 154 899 4
179 859 345 911 quisque
375 858 581 910 imperium
617 858 840 909 petentibus
870 858 975 898 brevi
1013 858 1208 898 dilabitur.
1269 872 1313 898 ex
1353 872 1398 898 eo
1429 870 1594 899 numero

178 916 279 955 Medi
300 915 440 954 Persae
466 921 503 954 et
524 915 710 964 Armenii,
741 915 902 954 navibus
932 915 971 954 in
993 915 1159 955 Africam
1190 916 1417 963 transvecti,
1448 927 1593 967 proxu—

135 981 153 1012 5
179 984 264 1010 mos
294 977 429 1010 nostro
461 971 557 1010 mari
588 971 695 1011 locos
727 983 977 1023 occupavere,
1009 972 1075 1011 sed
1101 971 1241 1011 Persae
1272 972 1372 1011 intra
1394 970 1594 1011 Oceanum

178 1028 313 1080 magis,
337 1028 450 1079 eique
470 1027 598 1067 alveos
628 1028 782 1067 navium
803 1028 979 1067 invorsos
1009 1040 1080 1079 pro
1103 1028 1269 1079 tuguriis
1290 1028 1474 1073 habuere,
1505 1027 1595 1078 quia

179 1097 307 1135 neque
335 1083 495 1127 materia
516 1084 555 1122 in
585 1084 688 1136 agris
710 1097 837 1135 neque
866 1083 911 1123 ab
933 1084 1116 1135 Hispanis
1146 1084 1302 1123 emundi
1325 1090 1390 1123 aut
1420 1083 1595 1123 mutandi

135 1149 155 1181 6
180 1141 291 1192 copia
313 1147 411 1180 erat:
443 1152 550 1180 mare
570 1153 756 1192 magnum
778 1146 813 1179 et
836 1141 967 1192 ignara
988 1140 1121 1191 lingua
1147 1140 1380 1179 commercio
1411 1139 1595 1192 prohibe-

136 1207 152 1237 7
177 1197 282 1236 hant.
323 1197 357 1236 ei
380 1197 562 1248 paulatim
585 1209 656 1248 per
677 1196 844 1236 conubia
865 1196 1046 1235 Gaetulos
1068 1208 1200 1235 secum
1220 1196 1413 1235 miscuere
1434 1201 1483 1243 et,
1506 1196 1596 1247 quia

179 1265 292 1305 saepe
321 1259 556 1304 temptantes
587 1265 702 1303 agros
731 1253 801 1291 alia
834 1253 973 1292 deinde
1003 1252 1073 1291 alia
1103 1252 1186 1291 loca
1208 1253 1443 1304 petiverant,
1473 1257 1594 1291 semet

136 1318 154 1350 8
178 1310 252 1361 ipsi
274 1309 464 1348 Nomadas
493 1309 747 1360 appellavere.
790 1314 963 1348 ceterum
992 1309 1118 1348 adhuc
1145 1309 1314 1348 aedificia
1342 1308 1594 1348 Numidarum

179 1365 403 1417 agrestium,
435 1377 534 1416 quae
562 1365 725 1417 mapalia
747 1365 799 1404 illi
822 1372 980 1412 vocant,
1015 1364 1181 1416 oblonga
1211 1365 1382 1405 incurvis
1411 1364 1595 1405 lateribus

136 1430 155 1462 9
179 1428 278 1462 tecta
299 1421 409 1473 quasi
440 1423 594 1460 navium
616 1422 769 1461 carinae
799 1428 902 1462 sunt.
951 1421 1071 1460 Medis
1092 1428 1220 1461 autem
1247 1427 1284 1460 et
1305 1421 1498 1461 Armeniis
1527 1420 1594 1460 ad-

179 1491 331 1518 cessere
352 1477 493 1529 Libyes
514 1500 567 1505 -
591 1490 678 1517 uam
700 1478 733 1516 ei
757 1478 919 1529 propius
941 1490 1045 1517 mare
1066 1478 1239 1517 Africum
1260 1478 1465 1529 agitabant,
1498 1476 1594 1517 Gae-

178 1535 249 1574 tuli
266 1534 338 1573 sub
356 1534 436 1573 sole
453 1534 588 1584 magis,
605 1533 707 1573 haud
723 1534 860 1584 procul
879 1534 924 1573 ab
942 1534 1211 1573 ardoribus—
1227 1534 1339 1585 eique
1355 1540 1506 1573 mature
1522 1545 1592 1585 op-

178 1591 266 1642 pida
298 1590 487 1629 habuere:
534 1602 622 1628 nam
653 1591 751 1628 freto
783 1590 890 1629 divisi
922 1590 968 1628 ab
1003 1590 1190 1641 Hispania
1220 1596 1369 1630 mutare
1401 1603 1462 1630 res
1493 1590 1594 1630 inter

119 1657 156 1687 10
180 1660 221 1686 se
243 1646 504 1686 instituerant.
548 1658 690 1685 nomen
713 1659 848 1685 eorum
880 1645 1061 1698 paulatim
1084 1646 1222 1698 Libyes
1244 1659 1477 1698 conrupere,
1506 1646 1595 1685 bar-

119 1713 153 1743 11
180 1703 268 1742 bara
300 1703 433 1753 lingua
462 1702 617 1741 Mauros
648 1714 718 1754 pro
742 1702 861 1742 Medis
891 1702 1142 1753 appellantes.
1203 1703 1268 1742 sed
1299 1715 1362 1742 res
1389 1702 1595 1742 Persarum

179 1759 285 1798 brevi
308 1759 470 1797 adolevit
491 1771 534 1797 ac
565 1765 699 1810 postea
730 1759 888 1797 nomine
908 1758 1095 1797 Numidae
1116 1765 1277 1810 propter
1306 1759 1595 1798 multitudinem

181 1828 200 1854 a
222 1815 451 1866 parentibus
482 1814 644 1866 digressi
665 1815 873 1866 possedere
896 1827 937 1854 ea
965 1814 1060 1863 loca,
1094 1827 1191 1866 quae
1220 1828 1406 1866 proxuma
1439 1813 1596 1854 Cartha-

119 1880 156 1912 12
182 1872 271 1923 gine
300 1871 479 1911 Numidia
509 1871 738 1923 appellatur.
788 1871 927 1911 deinde
949 1872 1104 1922 utrique
1133 1871 1262 1911 alteris
1283 1871 1370 1911 freti
1398 1872 1596 1910 finitumos

180 1929 297 1967 armis
325 1933 391 1966 aut
420 1934 524 1966 metu
554 1927 626 1967 sub
655 1928 862 1978 imperium
894 1940 1007 1966 suum
1039 1940 1213 1979 coegere,
1245 1940 1387 1966 nomen
1416 1927 1596 1978 gloriam-

181 1997 257 2036 que
278 1984 351 2022 sibi
372 1983 562 2031 addidere,
592 1983 712 2034 magis
735 1983 780 2032 ei,
804 1985 869 2035 qui
900 1984 944 2023 ad
968 1989 1143 2023 nostrum
1176 1996 1280 2023 mare
1310 1989 1596 2035 processerant,

181 2041 271 2092 quia
291 2040 431 2091 Libyes
453 2052 565 2090 quam
589 2039 738 2079 Gaetuli
759 2040 889 2079 minus
911 2040 1098 2079 bellicosi.
1141 2040 1310 2092 denique
1335 2040 1485 2079 Africae
1507 2051 1596 2092 pars

180 2097 342 2136 inferior
371 2096 556 2147 pleraque
588 2096 633 2135 ab
656 2095 830 2135 Numidis
852 2109 1030 2148 possessa
1056 2103 1133 2143 est,
1165 2097 1251 2136 victi
1273 2109 1407 2136 omnes
1429 2096 1468 2135 in
1501 2108 1596 2147 gen-

271 2242 289 2273 2
316 2240 381 2272 sint
408 2242 444 2280 P,
471 2244 547 2272 sunt
573 2239 652 2281 1¹01}
673 2243 688 2272 7
718 2240 826 2284 lybies·
856 2241 909 2272 vel
942 2241 1038 2273 libies
1058 2244 1258 2283 promiscua·
1283 2239 1337 2283 ΡΙΙ
1359 2242 1396 2273 10
1424 2249 1506 2283 quas
1532 2238 1594 2280 PC,

181 2296 245 2330 qua
266 2286 292 2318 C
308 2284 319 2328 l}
342 2287 377 2317 14
404 2285 527 2317 armeni
555 2288 587 2316 el
611 2286 651 2317 23
677 2285 743 2317 -nis
760 2287 789 2318 P
805 2284 815 2327 Η
837 2287 873 2318 ts
901 2286 1095 2319 commertio
1115 2288 1145 2319 Ρ
1162 2297 1206 2318 ω)
1225 2286 1251 2319 C
1271 2296 1363 2317 unus
1386 2295 1429 2317 m.
1452 2287 1479 2326 1,
1506 2294 1587 2317 com-

180 2331 301 2364 mercia
321 2333 443 2363 ceteri:
471 2331 514 2368 cll
534 2330 610 2371 Ing.
625 2330 680 2370 07,
698 2333 711 2363 l
730 2330 742 2373 ΙΙ
766 2333 803 2363 19
822 2341 933 2363 secum
953 2342 1018 2363 om.
1038 2332 1066 2363 P
1081 2331 1092 2373 Η
1110 2334 1151 2364 20
1169 2331 1233 2364 alia
1251 2330 1322 2363 loca
1346 2335 1404 2370 (mc
1421 2330 1487 2362 alio
1507 2330 1595 2369 loco)

183 2389 288 2407 *aa*
317 2375 402 2416 (loca
429 2379 530 2411 eras.)
555 2375 743 2416 petiuerant
769 2375 822 2418 ΡΗ
842 2377 878 2408 21
907 2376 969 2417 ipsi
992 2378 1024 2409 (Σ
1051 2376 1142 2418 ipsos·
1168 2380 1219 2417 (os
1244 2378 1280 2407 in
1305 2378 1388 2411 ras.)
1410 2374 1465 2418 ΡΗ
1483 2384 1596 2408 noma-

181 2423 240 2455 das
254 2422 314 2453 ΡΞ,
333 2422 494 2462 optimus,
509 2419 660 2454 numidas
676 2419 730 2462 pC
747 2420 758 2461 ΙΙ
775 2421 815 2453 23
837 2425 925 2452 tecto
944 2421 995 2463 1)ξῖ
1017 2423 1056 2454 24
1077 2421 1202 2463 gentuli
1220 2420 1272 2462 ΡΠ
1293 2421 1332 2453 25
1353 2419 1468 2462 procul
1486 2419 1596 2464 magis

181 2469 221 2501 ab
240 2467 269 2498 P
281 2465 292 2509 ΙΙ
312 2470 438 2498 mature
456 2476 500 2497 ew
519 2469 634 2498 nature
648 2466 678 2497 P
692 2465 703 2505 ΙΙ
721 2467 762 2498 30
781 2466 929 2508 proxima
948 2466 1141 2508 carthagine
1154 2467 1256 2498 Arus.
1268 2476 1301 2507 p.
1317 2465 1383 2498 252
1401 2468 1503 2506 (mem
1521 2466 1596 2498 cod.

180 2513 317 2547 Per-522).
342 2510 490 2553 proxima
517 2510 700 2552 carthagini
725 2510 840 2542 Diom.
863 2523 896 2552 p.
915 2512 991 2552 410,
1017 2511 1164 2553 proxime
1188 2512 1341 2552 (prmum
1365 2522 1387 2552 μ
1412 2512 1449 2542 ‘in
1470 2513 1596 2552 marg.)

180 2556 408 2598 carthaginem
432 2555 488 2588 PC
504 2555 514 2598 f}
533 2557 572 2588 32
600 2565 719 2599 cogere
745 2559 775 2593 (e
800 2566 874 2597 sup.
899 2558 931 2587 ol
959 2558 993 2597 P,
1018 2558 1026 2588 1
1056 2565 1175 2598 cogere
1198 2566 1220 2596 p
1246 2558 1279 2586 in
1307 2566 1417 2597 mar-g.

1627 674 1672 730 ω’

1624 974 1670 1011 15

1625 1822 1664 1854 30

1625 2104 1644 2137 ω

1645 2105 1672 2137 9·

1670 1757 1686 2277 ,ΛμώᾺ-Μ·ιυπ-ᾼωκκυ
1682 1735 1683 1738 „
1677 1669 1686 1718 «Λ,
1680 1640 1687 1650 ι

1671 2639 1678 2646 ’·
1674 2561 1683 2590 2...
1671 2313 1685 2548 fflssu<›zns-2
1679 2288 1683 2299 .-
