1709 2885
177 88 231 128 66
684 91 717 125 C.
736 89 939 124 SALLUSTI
964 89 1099 124 CRISPI

137 201 157 233 2
180 193 363 240 hostium,
385 193 471 241 sine
502 192 664 244 imperio
686 199 723 232 et
749 193 936 232 modestia
957 193 1123 233 habitus.
1164 193 1214 232 ita
1237 193 1458 245 imperatori
1491 205 1590 233 novo

180 249 269 301 plus
291 261 335 288 ex
351 243 653 288 malisssnfiribus
675 249 946 288 sollicitudinis
970 261 1083 301 quam
1109 262 1154 288 ex
1170 249 1280 300 copia
1296 249 1459 288 militum
1475 249 1591 289 auxili
1619 286 1621 288 ,

139 314 158 346 3
181 313 247 345 aut
268 305 350 356 spei
371 305 497 344 bonae
518 305 735 345 adcedebat.
777 305 909 345 statuit
929 311 1056 345 tamen
1079 305 1270 353 Metellus,
1302 318 1534 357 quamquam
1555 312 1593 346 et

181 361 414 400 aestivorum
435 367 588 413 tempus
610 362 855 400 comitiorum
875 374 982 401 mora
1002 362 1238 401 inminuerat
1259 368 1296 400 et
1326 362 1592 413 expectatione

184 425 343 457 eventus
365 418 503 457 civium
525 418 674 457 animos
696 418 866 457 intentos
888 418 1058 469 putabat,
1081 430 1158 456 non
1182 418 1291 469 prius
1311 417 1455 457 bellum
1475 418 1590 457 attin-

139 483 158 514 4
183 487 274 526 gere
296 487 411 525 quam
444 475 633 513 maiorum
665 473 867 525 disciplina
889 474 1029 514 milites
1059 474 1232 513 laborare
1254 474 1456 525 coegisset.
1505 486 1591 513 nam

182 530 345 570 Albinus
367 530 452 569 Auli
473 531 602 570 fratris
623 530 893 582 exercitusque
924 531 1029 570 clade
1052 531 1267 582 perculsus,
1290 536 1495 582 postquam
1528 531 1594 569 de·

183 592 354 626 creverat
375 599 454 625 non
476 587 605 637 egredi
638 586 848 638 provincia,
870 593 1056 637 quantum
1089 587 1275 638 temporis
1294 588 1525 626 aestivorum
1553 586 1593 625 in

183 643 346 694 imperio
368 643 452 690 fuit,
473 643 704 694 plerumque
724 643 863 682 milites
883 643 1027 682 stativis
1049 643 1184 682 castris
1205 643 1379 690 habehat,
1407 643 1481 682 nisi
1504 654 1592 682 cum

142 708 160 738 5
185 700 280 738 odos
301 705 366 738 aut
380 699 512 750 pabuli
535 705 683 750 egestas
703 699 830 738 locum
852 705 1000 739 mutare
1021 700 1248 750 subegerat:
1270 699 1336 738 sed
1358 711 1486 750 neque
1507 711 1593 738 mu-

185 755 393 794 niebantur
413 768 541 806 neque
560 767 668 794 more
688 755 842 795 militari
864 756 1012 806 vigiliae
1033 755 1334 795 deducebantur.
1376 756 1430 794 uti
1453 755 1593 806 cuique

182 811 350 857 lubebat,
373 811 418 850 ab
440 812 562 863 signis
583 811 725 851 aberat.
756 811 851 851 lixae
874 813 1049 863 permixti
1067 824 1155 851 cum
1172 812 1358 851 militibus
1374 811 1438 850 diu
1456 818 1595 850 noctu-

183 880 259 919 que
275 867 508 919 vagabantur
529 874 567 907 et
587 868 760 920 palantes
780 880 892 919 agros
914 874 1072 915 vastare,
1095 868 1202 907 villas
1219 880 1454 920 expugnare,
1476 879 1594 919 peco-

182 924 235 963 ris
257 931 294 963 et
313 925 596 976 mancipiorum
626 924 786 975 praedas
815 931 1007 964 certantes
1027 937 1141 975 agere
1171 937 1292 975 eaque
1323 930 1470 963 mutare
1505 935 1592 962 cum

182 981 462 1020 mercatoribus
478 981 567 1020 vino
589 981 797 1020 advecticio
815 988 852 1020 et
867 981 950 1020 aliis
966 981 1118 1028 talibus,
1140 986 1337 1031 praeterea
1354 982 1592 1019 frumentum

184 1036 339 1088 publice
360 1037 489 1076 datum
510 1037 695 1086 vendere,
718 1050 857 1088 panem
880 1037 919 1076 in
941 1038 1022 1076 dies
1044 1038 1224 1076 mercari:
1258 1044 1454 1088 postremo
1475 1047 1594 1086 quae-

185 1105 353 1144 cumque
374 1093 448 1132 dici
469 1100 534 1132 aut
554 1094 648 1144 fingi
670 1099 819 1145 queunt
839 1093 1011 1144 ignaviae
1032 1093 1283 1143 luxuriaeque
1304 1093 1447 1144 probra
1467 1093 1506 1131 in
1528 1091 1593 1130 illo

110 1153 159 1190 45
184 1150 356 1189 exercitu
380 1155 519 1189 cuncta
540 1150 650 1189 fuere
671 1157 709 1189 et
728 1150 798 1189 alia
820 1150 997 1201 amplius.
1049 1149 1115 1188 sed
1138 1150 1176 1187 in
1200 1161 1242 1187 ea
1272 1148 1495 1187 difficultate
1515 1147 1595 1186 Me-

183 1206 316 1245 tellum
333 1219 412 1245 non
429 1207 558 1245 minus
574 1218 689 1257 quam
710 1207 749 1245 in
773 1206 888 1245 rebus
904 1204 1110 1245 hostilibus
1126 1217 1308 1256 magnum
1330 1210 1367 1244 et
1381 1204 1595 1256 sapientem

182 1262 306 1301 virum
328 1263 447 1302 fuisse
469 1263 706 1313 comperior:
729 1267 832 1301 tanta
854 1262 1108 1313 temperantia
1130 1261 1231 1300 inter
1249 1261 1497 1300 ambitionem
1513 1273 1596 1300 sae-

142 1326 160 1358 2
184 1319 390 1369 vitiamque
416 1319 669 1358 moderatum.
712 1331 879 1369 namque
901 1319 1025 1357 edicto
1047 1318 1215 1369 primum
1245 1317 1464 1357 adiumenta
1484 1317 1595 1368 igna-

183 1375 264 1414 viae
285 1374 500 1422 sustulisse,
533 1387 582 1414 ne
613 1375 816 1427 quisquam
845 1375 883 1414 in
906 1375 1040 1414 castris
1069 1387 1207 1426 panem
1239 1380 1305 1413 aut
1335 1386 1450 1425 quem
1479 1373 1596 1412 alium

185 1437 340 1470 coctum
358 1431 485 1470 cibum
503 1431 697 1478 venderet,
721 1444 769 1471 ne
785 1431 882 1470 lixae
899 1431 1111 1470 exercitum
1127 1437 1399 1482 sequerentur,
1422 1443 1471 1468 ne
1486 1430 1598 1468 miles

185 1487 385 1539 gregarius
401 1487 441 1526 in
460 1488 595 1526 castris
612 1500 706 1526 neve
717 1488 755 1526 in
771 1488 924 1538 agmine
940 1500 1093 1526 servum
1110 1493 1175 1526 aut
1191 1489 1404 1526 iumentum
1416 1486 1596 1533 haberet3

185 1544 323 1583 ceteris
354 1549 434 1582 arte
464 1543 620 1582 modum
651 1544 843 1583 statuisse.
904 1550 1102 1595 praeterea
1133 1543 1364 1582 transvorsis
1393 1542 1598 1582 itineribus
1626 1550 1633 1560 ¹

184 1600 325 1639 cotidie
357 1606 481 1638 castra
510 1611 689 1647 movere,
720 1600 822 1638 iuxta
852 1612 896 1638 ac
926 1600 956 1638 si
988 1600 1120 1638 hostes
1148 1599 1328 1639 adessent
1358 1598 1454 1638 vallo
1483 1605 1599 1649 atque

183 1657 287 1696 fossa
306 1656 475 1703 munire,
496 1656 644 1706 vigilias
665 1656 820 1695 crebras
841 1668 988 1707 ponere
1011 1662 1048 1694 et
1069 1668 1131 1694 eas
1152 1656 1235 1707 ipse
1257 1667 1345 1694 cum
1368 1655 1502 1706 legatis
1523 1655 1598 1694 cir-

185 1713 346 1760 cumire,
362 1713 454 1751 item
471 1712 510 1750 in
527 1713 679 1764 agmine
706 1712 744 1750 in
762 1712 898 1763 primis
913 1712 1028 1751 modo
1049 1712 1164 1750 modo
1181 1712 1220 1750 in
1242 1713 1462 1763 postremiS,
1484 1723 1600 1762 saepe

184 1769 225 1807 in
247 1769 374 1808 medio
395 1768 541 1815 adesse,
563 1781 612 1807 ne
634 1768 825 1819 quispiam
847 1768 983 1807 ordine
1005 1768 1276 1819 egrederetur,
1307 1774 1350 1807 ut
1369 1780 1457 1806 cum
1477 1767 1600 1819 signis

142 1830 161 1863 3
185 1825 410 1876 frequentes
431 1825 669 1872 incederent,
694 1824 804 1864 miles
826 1824 954 1863 cibum
976 1830 1013 1863 et
1032 1836 1135 1863 arma
1156 1831 1339 1875 portaret.
1389 1824 1440 1862 ita
1464 1823 1593 1875 prohi-

184 1881 312 1921 bendo
323 1894 342 1920 a
357 1881 505 1920 delictis
515 1880 637 1932 magis
647 1893 760 1931 quam
776 1880 1001 1919 vindicando
1013 1881 1222 1919 exercitum
1234 1880 1338 1920 brevi
1350 1879 1600 1919 confirmavit.

113 1939 162 1975 46
300 1937 448 1976 Interea
465 1937 650 1988 Iugurtha
667 1937 731 1976 ubi
750 1949 848 1988 quae
864 1936 1041 1976 Metellus
1063 1937 1198 1987 agebat
1213 1950 1259 1976 ex
1276 1936 1424 1976 nuntiis
1439 1936 1600 1987 accepit,

187 1994 302 2032 simul
323 1994 370 2032 de
392 1993 616 2032 innocentia
634 1993 717 2032 eius
738 1993 882 2032 certior
898 1993 1018 2032 Roma
1035 1993 1170 2040 factus,
1193 1993 1366 2032 diffidere
1386 1993 1468 2031 suis
1483 1992 1601 2032 rebus

145 2056 164 2088 2
189 2062 233 2089 ac
253 2055 334 2089 tum
363 2049 519 2088 demum
539 2062 665 2089 veram
695 2049 929 2089 deditionem
951 2051 1077 2089 facere
1098 2055 1260 2088 conatus
1281 2054 1352 2088 est.
1400 2049 1519 2099 igitur
1545 2048 1600 2087 le-

190 2111 297 2158 gatos
318 2105 363 2144 ad
381 2105 579 2144 consulem
599 2118 686 2145 cum
708 2105 910 2157 suppliciis
924 2106 1054 2150 mittit,
1076 2106 1143 2157 qui
1159 2111 1305 2144 tantum
1328 2105 1442 2144 modo
1459 2105 1533 2156 ipsi
1554 2104 1600 2143 li-

147 2169 165 2199 3
188 2162 371 2213 berisque
388 2163 500 2201 vitam
517 2168 707 2214 peterent,
723 2162 794 2201 alia
816 2162 944 2201 omnia
961 2162 1147 2202 dederent
1162 2161 1310 2214 populo
1325 2161 1514 2200 Romano.
1535 2160 1602 2200 sed

279 2298 299 2329 6
324 2296 486 2328 maiorum
508 2306 542 2337 p,
566 2304 695 2327 morum
719 2293 772 2336 ΡΙΙ
792 2294 905 2327 labore
927 2294 980 2335 ΡΙΙ
1001 2296 1020 2327 9
1045 2294 1158 2327 statiui
1176 2295 1212 2335 P,
1237 2303 1253 2326 s
1277 2293 1356 2326 add.
1378 2292 1432 2336 pss
1455 2295 1493 2326 10
1519 2292 1602 2326 odos

188 2341 325 2374 Fronto
351 2341 398 2372 ad
418 2341 548 2373 Aulon.
574 2339 604 2379 2,
626 2340 648 2371 6
668 2351 703 2382 p.
723 2339 797 2380 110,
822 2339 904 2371 odor
927 2339 1007 2381 Pcu
1027 2339 1085 2371 sed
1111 2349 1219 2382 neque
1243 2338 1478 2371 muniebantur
1503 2338 1526 2379 (i
1550 2340 1603 2370 in-

191 2386 295 2418 ducta
321 2385 394 2417 cod.
422 2389 502 2417 teste
515 2386 572 2417 Du
586 2384 685 2422 Rieu)
711 2394 818 2427 neque
836 2384 973 2416 Fronto
998 2384 1016 2417 Ι.
1037 2396 1077 2419 c..
1102 2384 1161 2417 sed
1184 2393 1292 2426 neque
1310 2383 1546 2416 muniebantur
1563 2392 1601 2416 ea

190 2431 259 2471 (vel
280 2430 524 2465 minuebantur,
551 2440 614 2462 om.
633 2431 686 2469 ea)
711 2439 818 2472 neque
843 2441 860 2460 :-
883 2431 992 2471 pauci
1015 2441 1040 2462 s.
1059 2429 1127 2461 ΧΓ
1146 2428 1208 2468 (cf.
1229 2439 1273 2460 vs.
1293 2428 1373 2469 26).·
1399 2437 1507 2470 neque
1532 2437 1602 2461 mu-

191 2475 367 2509 niebantur
391 2486 456 2507 om.
481 2475 554 2508 PC:
571 2476 582 2516 {l
605 2477 644 2508 12
669 2475 725 2507 diu
750 2474 805 2507 PC
828 2474 962 2506 Fronto
990 2474 1009 2506 I.
1028 2485 1067 2515 cn,
1092 2473 1144 2506 die
1163 2473 1216 2516 011
1235 2475 1273 2506 18
1299 2483 1337 2505 ea
1357 2473 1442 2513 (Ἢ),
1463 2473 1600 2505 Fronto

193 2521 212 2553 I.
239 2532 265 2553 c.
293 2522 391 2557 (teste
416 2520 548 2562 Majo),
574 2530 639 2553 om.
665 2520 719 2553 PC
734 2518 746 2562 ΙΙ
763 2520 804 2552 22
830 2519 1007 2551 sustulisse
1038 2533 1054 2549 ψ
1072 2532 1087 2547 ι
1106 2532 1121 2548 ε
1139 2533 1154 2548 ι
1173 2533 1188 2548 ι
1206 2531 1221 2547 0
1245 2519 1250 2561 Ι
1272 2528 1312 2551 ne
1337 2517 1393 2560 Pu
1410 2519 1450 2550 27
1485 2518 1601 2550 crebas

191 2565 245 2609 ΡΗ
265 2567 306 2598 29
332 2565 497 2608 quispiam
521 2565 584 2598 PC.
610 2565 786 2608 quisquam
814 2564 865 2608 Cn
885 2566 925 2597 33
953 2574 1043 2597 roma
1067 2563 1204 2596 Nonius
1226 2574 1259 2605 p.
1284 2562 1367 2600 325,
1392 2572 1504 2596 romae
1527 2562 1584 2596 PC
