1709 2885
496 95 550 129 DE
576 94 894 129 GONIURATIONE
919 94 1144 128 CATILINAE
1473 92 1526 132 23

115 198 226 239 Celer
245 203 402 250 praetor
422 211 468 237 ex
488 204 645 238 senatus
667 197 847 237 consulto
869 209 983 236 causa
1013 196 1166 247 cognita
1197 196 1236 236 in
1258 196 1409 235 vincula
1432 208 1530 235 con-

117 256 281 302 iecerat,
314 255 403 294 item
426 255 466 293 in
498 254 676 294 citeriore
709 254 826 293 Gallia
858 254 898 292 C.
920 253 1105 299 Murena,
1139 253 1205 304 qui
1237 253 1270 292 ei
1302 252 1524 304 provinc-iae

116 311 264 363 legatus
278 316 471 362 praeerat,

232 369 279 405 At
298 367 441 406 Romae
462 365 652 406 Lentulus
673 377 760 403 cum
784 365 942 412 ceteris,
974 365 1040 416 qui
1062 364 1262 415 principes
1291 363 1528 403 coniuratio-

64 431 87 463 5
116 423 178 463 nis
208 429 335 472 erant,
375 423 516 474 paratis
545 427 587 460 ut
617 420 845 460 videbantur
881 421 1031 472 magnis
1062 421 1205 472 copiis,
1247 421 1530 459 constituerant

117 480 194 527 uti,
226 492 314 517 cum
337 478 495 518 Catilina
522 479 562 517 in
591 489 725 527 agrum
748 477 1004 516 Faesulanum
1026 489 1113 515 cum
1145 476 1316 515 exercitu
1345 476 1527 523 venisset,

115 535 158 574 L.
180 536 307 574 Bestia
328 536 510 574 tribunus
540 533 664 584 plebis
685 534 868 571 contione
888 534 1015 572 habita
1039 538 1268 584 quereretur
1289 533 1335 571 de
1364 532 1529 571 actioni-

114 591 188 630 bus
217 590 415 630 Ciceronis
444 590 613 641 bellique
642 590 868 640 gravissumi
898 589 1076 628 invidiam
1101 595 1262 640 optumo
1285 588 1435 627 consuli
1465 588 1527 627 in·-

115 653 294 698 poneret.
331 660 375 686 eo
398 648 509 698 signo
531 657 719 697 proxuma
741 651 854 684 nocte
876 652 1000 685 cetera
1021 645 1228 684 multitudo
1247 645 1528 684 coniurationis

1558 367 1608 404 43

0 696 2 755 l
49 710 87 742 10
117 716 230 742 suum
263 703 427 755 quisque
448 702 644 752 negotium
677 707 946 753 exequeretur.
1006 702 1071 740 sed
1094 714 1136 741 ea
1166 701 1284 740 divisa
1308 701 1383 739 hoc
1413 701 1528 739 modo
1551 708 1570 740 2

116 759 363 798 dicebantur:
392 759 563 797 Statilius
585 764 622 796 et
638 757 823 796 Gabinius
843 759 899 796 uti
922 771 1010 796 cum
1032 770 1169 808 magna
1185 769 1303 796 manu
1324 757 1529 796 duodecim

115 815 230 854 simul
247 821 468 866 opportuna
482 814 565 853 loca
583 814 691 853 urbis
709 813 977 862 incenderent,
1001 827 1077 865 quo
1094 813 1263 853 tumultu
1285 813 1433 852 facilior
1448 813 1529 851 adi-

115 876 178 910 tus
209 871 254 910 ad
285 872 484 910 consulem
515 877 743 921 ceterosque
775 870 916 921 quibus
941 870 1102 909 insidiae
1132 870 1369 922 parabantur
1397 870 1527 917 fieret;

117 925 307 977 Cethegus
339 926 537 966 Ciceronis
568 927 721 965 ianuam
753 927 947 965 obsideret
977 939 1143 978 eumque
1173 926 1209 965 vi
1239 926 1527 977 aggrederetur,

50 990 85 1023 15
115 982 212 1022 alius
243 989 370 1022 autem
405 984 544 1030 alium,
576 983 643 1022 sed
672 983 738 1021 filii
770 983 1021 1034 familiarum,
1055 995 1222 1033 quorum
1252 995 1297 1021 ex
1331 981 1528 1020 nobilitate

114 1051 290 1077 maxuma
311 1051 399 1090 pars
421 1045 521 1087 erat,
556 1040 728 1090 parentis
749 1039 1033 1087 interficerent,
1061 1039 1176 1078 simul
1199 1039 1313 1077 caede
1334 1044 1373 1077 et
1392 1038 1529 1077 incen-

115 1095 177 1134 dio
199 1095 390 1146 perculsis
412 1095 594 1135 omnibus
616 1095 661 1134 ad
685 1095 884 1134 Catilinam
908 1101 1169 1146 erumperent.
1221 1095 1325 1133 inter
1344 1095 1438 1133 haec
1459 1107 1528 1146 pa-
1551 1102 1571 1134 3

113 1156 194 1190 rata
216 1156 330 1202 atque
351 1151 504 1190 decreta
526 1150 718 1202 Cethegus
738 1163 892 1203 semper
909 1151 1144 1202 querebatur
1165 1151 1211 1190 de
1232 1151 1380 1201 ignavia
1402 1150 1529 1189 socio-

115 1219 224 1246 rum:
256 1207 342 1245 illos
372 1207 581 1246 dubitando
604 1213 641 1246 et
671 1208 751 1246 dies
772 1208 1000 1259 prolatando
1031 1220 1188 1258 magnas
1218 1207 1531 1258 opportunitates

42 1270 87 1302 20
117 1275 396 1314 conrumpere,
432 1264 530 1302 facto
562 1276 641 1302 non
664 1263 842 1302 consulto
873 1263 912 1302 in
934 1264 998 1303 tali
1027 1264 1200 1315 periculo
1232 1276 1331 1315 opus
1362 1275 1447 1302 esse
1468 1275 1530 1302 se·

115 1331 212 1370 que,
242 1320 273 1358 si
294 1320 408 1370 pauci
430 1320 672 1368 adiuvarent,
701 1320 977 1370 languentibus
998 1320 1081 1359 aliis
1111 1321 1298 1370 impetum
1319 1319 1360 1358 in
1382 1319 1530 1359 curiam

112 1376 319 1414 facturum.
369 1381 503 1415 natura
526 1376 633 1414 ferox
653 1376 860 1415 vehemens
885 1388 1001 1415 manu
1034 1381 1240 1427 promptus
1262 1380 1361 1421 erat,
1393 1387 1529 1415 maxu-
1552 1383 1573 1416 4

113 1443 219 1470 mum
240 1431 388 1470 honum
410 1432 449 1470 in
472 1432 667 1471 celeritate
687 1431 857 1482 putabat.

227 1487 302 1526 Sed
325 1488 550 1538 Allobroges
582 1501 627 1526 ex
648 1493 855 1538 praecepto
879 1486 1077 1526 Ciceronis
1102 1498 1172 1537 per
1193 1486 1400 1525 Gabinium
1425 1492 1528 1526 cete·
1552 1492 1605 1528 44

40 1550 84 1582 25
115 1555 180 1582 ros
201 1544 450 1582 conveniunt.
501 1543 546 1582 ab
568 1543 734 1582 Lentulo
757 1543 924 1593 Cethego
946 1542 1096 1582 Statilio
1118 1542 1209 1581 item
1233 1543 1362 1582 Cassio
1391 1549 1528 1594 postu-

113 1599 194 1639 lant
214 1599 274 1638 ius
295 1599 515 1648 iurandum,
538 1600 641 1650 quod
664 1600 858 1650 signatum
880 1600 925 1637 ad
947 1599 1039 1638 civis
1059 1599 1276 1650 perferant:
1301 1600 1411 1638 aliter
1426 1599 1529 1638 haud

111 1656 223 1695 facile
245 1668 310 1695 eos
331 1657 377 1695 ad
397 1661 546 1695 tantum
577 1655 775 1706 negotium
796 1655 931 1706 inpelli
954 1668 1081 1706 posse.
1131 1656 1249 1694 ceteri
1271 1655 1367 1694 nihil
1399 1656 1529 1707 suspi-
1551 1664 1572 1696 2

112 1717 245 1751 cantes
283 1713 399 1760 dant,
441 1711 594 1751 Cassius
623 1718 745 1751 semet
783 1724 828 1750 eo
868 1712 973 1750 brevi
1004 1717 1210 1750 venturum
1246 1712 1454 1763 pollicetur
1484 1724 1528 1750 ac

112 1768 229 1819 paulo
259 1774 348 1807 ante
368 1769 515 1818 legatos
547 1781 592 1806 ex
612 1768 708 1806 urbe
738 1768 1012 1818 proficiscitur.
1072 1767 1263 1806 Lentulus
1285 1780 1374 1807 cum
1405 1768 1460 1807 eis
1481 1768 1527 1806 T.
1551 1776 1573 1808 3

38 1830 82 1862 30
111 1824 353 1863 Volturcium
384 1824 574 1875 quendam
597 1822 890 1863 Crotoniensem
921 1824 1058 1869 mittit,
1090 1829 1132 1861 ut
1157 1823 1385 1874 Allobroges
1417 1824 1528 1875 prius

112 1892 228 1931 quam
258 1880 414 1918 domum
446 1886 674 1930 pergerent,
707 1892 793 1918 cum
818 1878 975 1918 Catilina
1006 1880 1089 1918 data
1120 1884 1236 1930 atque
1266 1885 1424 1931 accepta
1453 1880 1529 1920 fide

112 1936 335 1975 societatem
353 1937 560 1974 confirma1
563 1942 640 1974 ent
676 1936 760 1998 ipse
781 1935 979 1974 Volturcio
1000 1935 1145 1974 litteras
1164 1936 1208 1974 ad
1228 1936 1429 1975 Catilinam
1451 1936 1527 1984 dat,
1551 1945 1573 1976 4

112 2004 277 2054 quarum
299 1991 519 2042 exemplum
537 1992 635 2030 infra
659 1992 848 2042 scriptum
871 1997 940 2030 est.
979 1986 1092 2036 Quis
1113 1992 1185 2030 sim
1208 2005 1253 2031 ex
1275 2005 1320 2031 eo
1343 2005 1460 2043 quem
1481 1993 1527 2032 ad
1552 2002 1571 2033 5

113 2054 150 2087 te
179 2047 267 2086 misi
288 2059 512 2098 cognosces.
564 2049 623 2086 fac
644 2047 788 2099 cogites
810 2048 849 2087 in
875 2053 1015 2099 quanta
1049 2048 1261 2087 calamitate
1291 2048 1356 2098 sis,
1388 2054 1427 2087 et
1447 2061 1528 2088 me-

40 2110 81 2142 35
113 2104 272 2143 mineris
293 2109 330 2142 te
353 2104 474 2142 virum
497 2116 594 2143 esse.
645 2104 868 2143 consideres
890 2105 980 2155 quid
1002 2109 1090 2142 tuae
1120 2105 1290 2144 rationes
1310 2105 1524 2156 postulent.

110 2161 296 2199 auxilium
318 2166 424 2211 petas
452 2160 498 2199 ab
520 2160 720 2208 omnibus,
754 2160 866 2199 etiam
887 2161 933 2199 ab
955 2157 1124 2199 infi1nis‘‚
1178 2161 1224 2200 ad
1245 2162 1321 2200 hoc
1349 2163 1527 2201 mandata
1550 2174 1571 2207 6

111 2217 239 2256 verbis
255 2217 336 2255 dat:
357 2228 445 2255 cum
459 2217 505 2255 ab
523 2223 658 2255 senatu
674 2216 797 2255 hostis
814 2217 1004 2256 iudicatus
1020 2217 1082 2264 sit,
1099 2229 1176 2266 quo
1195 2217 1356 2256 consilio
1375 2218 1528 2257 servitia

111 2271 319 2323 repudiet?
342 2272 379 2311 in
398 2273 493 2311 urbe
504 2279 633 2323 parata
645 2285 728 2312 esse
742 2285 840 2324 quae
856 2273 1023 2312 iusserit.
1057 2286 1106 2312 ne
1118 2280 1324 2313 cunctetur
1340 2274 1423 2325 ipse
1434 2286 1527 2326 pro-

202 2385 220 2415 2
247 2383 400 2415 citeriore
418 2381 480 2423 PC,
505 2382 662 2415 ulteriore
684 2382 823 2415 Cortins
839 2383 850 2425 ΙΙ
870 2386 888 2417 5
914 2382 1114 2415 uidebantur
1137 2394 1168 2424 z,
1194 2395 1238 2416 aa*
1263 2384 1290 2417 C
1310 2394 1412 2425 unus,
1435 2383 1530 2416 nide-

109 2428 208 2460 batur
228 2427 308 2470 1²01}
328 2427 570 2460 constituerant
584 2426 646 2468 PC,
671 2428 892 2460 constituerat
911 2427 937 2459 C
954 2429 964 2470 Η
982 2430 1000 2461 6
1019 2427 1236 2461 Carsulanum
1252 2429 1406 2470 Dietsclz,
1422 2428 1529 2461 Aesu-

112 2472 224 2505 lanum
255 2471 511 2504 Rauclzenstein
539 2472 634 2513 apud
663 2473 712 2505 It
707 2474 837 2504 iyzium
857 2472 867 2516 ΙΙ
888 2475 927 2505 10
949 2473 1091 2515 quisque
1122 2473 1177 2506 Cz-
1202 2483 1356 2516 quaeque
1384 2473 1441 2506 PC
1456 2474 1467 2515 ΙΙ
1489 2477 1528 2507 14

112 2517 283 2550 obsideret
308 2528 353 2549 ει
377 2517 511 2550 obsidet
535 2516 587 2559 ΡΗ
607 2518 649 2549 20
674 2517 829 2550 consulto
858 2518 898 2551 C.
929 2517 1149 2550 consultando
1178 2518 1234 2550 PC
1249 2518 1260 2560 Η
1279 2521 1320 2552 26
1352 2518 1527 2551 iulandum

115 2575 342 2591 ********
369 2562 459 2604 quod
485 2562 536 2604 Pu
557 2563 595 2594 27
623 2561 664 2593 ad
689 2573 733 2594 εω-
758 2572 799 2595 an
824 2562 879 2605 PH
897 2565 938 2595 33
964 2562 1040 2604 quis
1067 2562 1100 2603 C,
1126 2564 1182 2605 qui
1207 2563 1300 2595 PC!
