1709 2885
170 115 223 155 36
679 118 713 151 C.
733 116 936 151 SALLUSTl
962 115 1096 150 CRISPl

92 229 109 260 7
130 228 150 260 8
173 231 422 272 quocumque
455 220 510 259 ire
538 220 684 271 placet,
716 219 819 258 ferro
840 220 914 258 iter
934 219 1189 271 aperiundum
1213 224 1282 257 est.
1323 230 1398 270 qua
1427 225 1589 271 propter

173 288 239 314 vos
269 287 410 314 moneo
442 276 496 316 uti
533 276 623 314 sorti
659 283 774 326 atque
810 282 942 326 parato
977 275 1104 314 animo
1141 275 1224 314 sitis
1258 281 1314 322 et,
1351 287 1438 314 cum
1473 287 1589 327 proe-

173 333 266 371 lium
299 331 467 374 inibitis,
505 332 760 371 memineritis
784 344 850 370 vos
872 332 1019 372 divitias
1040 332 1157 370 decus
1180 331 1361 382 gloriam,
1392 338 1590 382 praeterea

131 396 150 428 9
173 388 389 427 libertatem
410 395 525 440 atque
548 388 707 440 patriam
731 388 770 426 in
793 388 937 427 dextris
956 389 1095 427 vostris
1122 393 1288 439 portare.
1331 387 1361 426 si
1387 388 1589 435 vincimus,

174 443 302 483 omnia
333 444 447 483 nobis
476 451 555 484 tuta
589 452 725 491 erunt,
756 450 992 484 commeatus
1025 444 1200 490 abunde,
1231 443 1441 495 municipia
1476 450 1592 495 atque

175 500 349 539 coloniae
373 500 578 551 patebunt:
602 501 634 539 si
656 507 758 539 metu
782 501 1025 548 cesserimus,
1048 501 1179 540 eadem
1203 500 1265 538 illa
1295 499 1453 538 advorsa
1484 500 1592 547 fient,

113 564 151 596 10
176 557 423 608 nequelocus
442 569 568 608 neque
585 557 730 595 amicus
743 557 945 608 quisquam
963 562 1067 607 teget
1079 568 1193 607 quem
1208 568 1310 594 arma
1323 568 1400 595 non
1413 556 1592 595 texerint.

115 620 147 652 11
175 619 396 664 praeterea,
419 613 580 659 milites,
605 625 683 651 non
707 613 837 652 eadem
862 613 973 652 nobis
995 619 1030 651 et
1060 613 1135 652 illis
1166 612 1410 651 necessitudo
1441 613 1592 663 impen-

175 669 257 708 det:
292 681 362 708 nos
394 681 464 720 pro
487 671 607 720 patria
631 681 701 720 pro
722 668 896 708 libertate
918 682 990 720 pro
1011 669 1084 708 vita
1107 675 1319 716 certamus,
1352 668 1427 707 illis
1455 679 1593 719 super-

114 732 152 764 12
175 737 412 764 vacuaneum
435 732 491 764 est
524 738 594 777 pro
625 724 797 776 potentia
828 738 1039 776 paucorum
1070 737 1257 777 pugnare.
1304 736 1381 775 quo
1411 723 1594 763 audacius

115 789 153 821 13
175 781 450 832 adgrediamini
475 794 666 820 memores
688 781 873 832 pristinae
894 782 1058 822 virtutis.
1100 782 1209 820 licuit
1235 781 1340 820 vobis
1372 792 1459 819 cum
1489 791 1594 818 sum-

179 850 237 876 ma
260 838 502 889 turpitudine
526 838 564 876 in
588 837 699 876 exilio
721 844 879 877 aetatem
914 850 1027 888 agere
1043 869 1052 883 ,
1078 838 1259 889 potuistis
1291 850 1368 876 non
1401 836 1496 875 nulli
1518 835 1596 874 Ro-

117 901 155 933 14
179 906 261 933 mae
291 893 441 933 amissis
471 893 586 933 bonis
616 894 759 933 alienas
789 907 883 946 opes
905 899 1127 946 expectare:
1151 894 1239 944 quia
1263 893 1323 932 illa
1352 893 1460 932 foeda
1481 899 1596 943 atque

117 958 155 990 15
178 950 422 989 intoleranda
442 950 534 988 viris
556 950 803 998 videbantur,
827 951 920 990 haec
942 952 1050 1001 sequi
1075 950 1310 989 decrevistis.
1353 950 1382 988 si
1407 949 1501 988 haec
1535 960 1596 986 re-

179 1007 356 1057 linquere
390 1006 500 1045 voltis
516 1037 525 1053 ,
555 1006 710 1046 audacia
742 1019 842 1058 opus
864 1013 940 1046 est:
966 1019 1077 1046 nemo
1101 1007 1172 1045 nisi
1197 1006 1317 1044 victor
1337 1018 1431 1057 pace
1453 1004 1597 1044 bellum

117 1069 154 1102 16
179 1063 353 1103 mutavit.
398 1075 485 1102 nam
508 1063 546 1102 in
569 1063 658 1114 suga
682 1063 842 1102 salntem
865 1075 1043 1114 sperare,
1066 1075 1153 1102 cum
1180 1074 1306 1109 arma,
1339 1061 1481 1113 quibus
1511 1073 1598 1099 cor-

118 1126 153 1158 17
178 1131 252 1170 pus
274 1120 430 1170 tegitur,
452 1119 498 1157 ab
520 1119 697 1158 hostibus
718 1120 915 1166 avorteris,
939 1132 980 1158 ea
1003 1132 1090 1157 vero
1113 1119 1305 1157 dementia
1333 1124 1403 1157 est.
1445 1129 1600 1168 semper

179 1176 218 1214 in
242 1175 392 1227 proelio
415 1175 468 1214 eis
490 1188 711 1214 maxumum
734 1182 789 1216 est
813 1175 1043 1226 periculum,
1069 1175 1133 1225 qui
1157 1186 1333 1213 maxume
1354 1173 1504 1220 timent,
1532 1185 1599 1212 au-

118 1238 155 1270 18
179 1231 283 1270 dacia
314 1243 385 1283 pro
414 1244 527 1270 muro
558 1232 733 1270 habetur.
775 1244 862 1270 cum
893 1244 958 1270 vos
989 1231 1214 1277 considero,
1245 1230 1408 1277 milites,
1439 1235 1477 1268 01.
1511 1241 1599 1268 011111

119 1295 157 1328 19
180 1288 277 1327 facta
305 1293 432 1326 vostra
461 1294 656 1334 aestumo,
688 1299 826 1338 magna
855 1300 916 1326 me
946 1300 1035 1338 spes
1065 1286 1245 1325 victoriae
1281 1291 1398 1325 tenet.
1447 1285 1599 1324 animus

180 1350 284 1383 aetas
313 1344 431 1382 virtus
461 1349 588 1382 vostra
617 1356 678 1382 me
708 1344 935 1390 hortantur,
972 1348 1169 1395 praeterea
1202 1341 1468 1387 necessitudo,
1500 1353 1598 1392 quae

117 1406 157 1438 20
182 1400 292 1439 etiam
316 1399 472 1438 timidos
493 1400 604 1438 sortis
626 1400 728 1438 facit.
771 1412 858 1439 nam
880 1399 1087 1439 multitudo
1109 1399 1278 1438 hostium
1309 1411 1358 1437 ne
1389 1398 1600 1438 circumve-

117 1462 152 1495 21
182 1456 265 1496 nire
285 1463 412 1507 queat,
430 1455 947 1507 prohibentangustiaeloci.
989 1455 1128 1506 quodsi
1141 1455 1269 1495 virtuti
1285 1454 1601 1494 vostraesortuna

181 1512 382 1560 inviderit,
405 1517 532 1551 cavete
555 1512 667 1550 inulti
691 1512 856 1551 animam
878 1512 1079 1558 amittatis,
1104 1524 1179 1550 neu
1202 1512 1300 1563 capti
1329 1511 1458 1562 potius
1487 1510 1601 1550 sicuti

181 1580 320 1619 pecora
358 1567 606 1606 trucidemini
643 1580 757 1619 quam
792 1568 961 1607 virorum
997 1580 1105 1606 more
1141 1573 1360 1618 pugnantes
1401 1573 1600 1606 cruentam

183 1631 299 1676 atque
323 1624 538 1663 luctuosam
562 1623 758 1663 victoriam
790 1624 967 1663 hostibus
990 1619 1241 1675 relinquatis.'

109 1683 159 1720 59
298 1680 399 1719 Haec
431 1680 497 1718 ubi
527 1680 641 1727 dixit,
671 1680 872 1731 paululum
904 1686 1153 1719 conmoratus
1183 1681 1292 1729 signa
1329 1691 1468 1718 canere
1497 1678 1604 1718 iubet

184 1742 299 1788 atque
321 1737 536 1775 instructos
559 1736 715 1775 ordines
738 1737 775 1775 in
798 1736 927 1775 locum
953 1748 1117 1787 aequom
1148 1736 1314 1775 deducit.
1356 1736 1444 1774 dein
1477 1747 1602 1774 remo·

185 1794 233 1832 tis
256 1793 428 1831 omnium
453 1793 577 1843 equis,
601 1805 678 1843 quo
701 1791 887 1831 militibus
909 1798 1119 1842 exaequato
1142 1792 1318 1843 periculo
1350 1792 1503 1831 animus
1524 1803 1605 1831 am-

186 1849 287 1900 plior
309 1856 431 1895 esset,
454 1850 538 1900 ipse
559 1849 677 1899 pedes
699 1849 909 1888 exercitum
931 1860 1003 1900 pro
1024 1848 1109 1887 loco
1135 1855 1250 1899 atque
1280 1848 1403 1899 copiis
1433 1848 1604 1887 instruit.

141 1913 161 1944 2
185 1918 273 1945 nam
306 1905 361 1944 uti
391 1905 572 1956 planities
594 1910 675 1944 erat
704 1906 805 1944 inter
826 1905 1006 1944 sinistros
1026 1904 1170 1943 montis
1195 1910 1232 1943 et
1253 1904 1297 1943 ab
1328 1904 1482 1943 dextera
1507 1916 1606 1955 rupe

185 1973 343 2013 aspera,
376 1967 463 1999 octo
494 1961 667 1999 cohortis
698 1961 735 1999 in
768 1961 895 1999 sronte
924 1961 1146 2008 constituit,
1177 1960 1414 2012 reliquarum
1435 1959 1546 2011 signa
1567 1960 1607 1998 in

143 2025 161 2055 3
186 2017 359 2057 subsidio
381 2017 502 2056 artius
524 2016 713 2056 conlocat.
754 2016 800 2056 ab
818 2018 872 2056 eis
894 2017 1146 2056 centuriones
1167 2017 1307 2064 omnis,
1329 2017 1450 2056 lectos
1467 2022 1505 2055 et
1520 2028 1608 2055 evo·

187 2081 305 2122 catos,
328 2080 526 2124 praeterea
549 2085 594 2112 ex
616 2073 802 2124 gregariis
824 2073 1010 2112 militibus
1032 2080 1236 2124 optumum
1258 2084 1453 2124 quemque
1484 2083 1609 2111 arma-

186 2137 268 2168 tum
291 2130 330 2168 in
354 2130 517 2180 primam
547 2130 667 2168 aciem
697 2129 891 2168 subducit.
934 2128 973 2168 C.
996 2128 1180 2168 Manlium
1204 2129 1242 2169 111
1262 2129 1406 2176 dextra,
1429 2127 1608 2168 Faesula-

191 2198 286 2226 num
316 2186 510 2237 quendam
541 2185 579 2225 in
612 2185 766 2224 sinistra
796 2191 904 2236 parte
927 2198 1064 2225 curare
1084 2185 1203 2225 iubet.
1245 2186 1328 2236 ipse
1349 2196 1436 2223 011111
1461 2183 1608 2223 libertis

189 2249 226 2282 et
256 2242 458 2282 calonibus
488 2247 648 2293 propter
678 2241 845 2293 aquilam
875 2242 1045 2289 adsistit,
1074 2253 1188 2292 quam
1219 2241 1320 2281 bello
1350 2240 1542 2280 Cimbrico
1568 2239 1609 2280 C.

282 2343 300 2373 5
318 2344 526 2373 commeatus
545 2351 589 2373 ea:
606 2339 844 2373 commeandus
858 2341 888 2372 I’
902 2338 913 2383 11
931 2341 949 2373 6
969 2340 1020 2372 sin
1040 2339 1196 2372 li'rzttzius
1211 2339 1223 2384 11
1243 2338 1336 2381 fient]
1360 2339 1437 2382 quia
1455 2339 1545 2372 bello
1563 2339 1611 2372 in-

191 2390 290 2430 cepto
316 2396 381 2429 pax
407 2385 438 2417 in
463 2394 563 2418 manu
588 2384 726 2418 uictoris
751 2388 883 2417 constat
910 2387 988 2425 (om.
1004 2395 1113 2428 neque
1130 2385 1237 2425 locus)
1256 2384 1334 2417 add.
1354 2384 1400 2425 311
1421 2386 1437 2416 ’ἵ
1459 2384 1542 2426 tegit
1562 2382 1615 2429 Vfl

192 2434 210 2465 8
236 2430 408 2473 impendet
433 2441 478 2462 ew
503 2429 665 2472 impendit
691 2428 752 2472 Vll
772 2431 810 2462 10
836 2439 984 2471 pugnare
1019 2440 1078 2472 pro
1110 2429 1260 2473 potentia
1285 2439 1465 2471 pancorum
1493 2429 1551 2473 Vll
1573 2431 1609 2463 11

192 2475 432 2518 adgrediamini
459 2474 522 2515 PC,
547 2474 765 2517 adgredimini
788 2474 805 2506 Ι
816 2474 849 2506 'C
861 2473 873 2517 11
894 2474 1095 2516 11111ιο11101οε
1113 2474 1166 2519 Ρ11
1185 2473 1281 2507 uobis
1300 2474 1344 2515 pl
1350 2473 1395 2512 'C,
1421 2474 1519 2507 nobis
1536 2473 1592 2507 PC

196 2524 233 2554 lS
256 2520 321 2563 est]
346 2516 384 2553 1ἷο
407 2528 512 2563 (corr.
531 2532 575 2551 0-1
593 2521 663 2561 011)
681 2521 711 2552 P
725 2519 736 2563 11
754 2521 794 2553 23
812 2520 964 2563 angustie¹
990 2522 1026 2551 in
1040 2530 1109 2552 ras.
1128 2518 1181 2562 Ρ11
1200 2519 1314 2552 uirtuti
1333 2530 1378 2552 eoe
1395 2519 1518 2553 uirtute
1534 2518 1597 2552 PV

193 2568 234 2599 24
245 2568 363 2598 cauete
382 2565 477 2598 inulti
487 2564 550 2605 PC,
564 2569 681 2598 cauete
696 2575 736 2597 ne
749 2563 846 2597 inulti
860 2563 923 2596 CV
933 2563 944 2606 11
964 2567 999 2598 31
1016 2564 1152 2597 dextera
1162 2562 1225 2604 PC,
1240 2563 1354 2597 dextra
1368 2562 1466 2604 01135
1477 2563 1614 2599 dextera

196 2610 222 2644 C
238 2613 347 2653 pauci
362 2609 375 2654 11
395 2612 434 2644 37
454 2610 628 2643 calonibus
642 2609 745 2651 200),
758 2609 934 2642 colonibus
948 2610 1011 2650 PC,
1026 2608 1167 2642 coloniis
1184 2607 1211 2641 C
1226 2609 1238 2651 11
1254 2608 1432 2651 adsis-tim,
1446 2608 1576 2643 adstitit
1590 2612 1620 2644 P
