<?xml version="1.0" encoding="UTF-8"?>
<!DOCTYPE html PUBLIC "-//W3C//DTD XHTML 1.0 Transitional//EN"
    "http://www.w3.org/TR/xhtml1/DTD/xhtml1-transitional.dtd">
<html xmlns="http://www.w3.org/1999/xhtml" xml:lang="en" lang="en">
 <head>
  <title>
</title>
<meta http-equiv="Content-Type" content="text/html;charset=utf-8" />
  <meta name='ocr-system' content='tesseract 3.04.00' />
  <meta name='ocr-capabilities' content='ocr_page ocr_carea ocr_par ocr_line ocrx_word'/>
</head>
<body>
  <div class='ocr_page' id='page_1' title='image "./catilinajugurtha00salluoft_0020.png"; bbox 0 0 1709 2885; ppageno 0'>
   <div class='ocr_carea' id='block_1_1' title="bbox 407 873 1260 928">
    <p class='ocr_par' dir='ltr' id='par_1_1' title="bbox 407 873 1260 928">
     <span class='ocr_line' id='line_1_1' title="bbox 407 873 1260 928; baseline 0.002 -3"><span class='ocrx_word' id='word_1_1' title='bbox 407 873 704 927; x_wconf 69' lang='lat' dir='ltr'>PRAEFATIO</span> <span class='ocrx_word' id='word_1_2' title='bbox 737 874 1010 928; x_wconf 69' lang='lat' dir='ltr'>EDlTlthlS</span> <span class='ocrx_word' id='word_1_3' title='bbox 1041 875 1260 928; x_wconf 71' lang='lat' dir='ltr'><strong>Pssqu.</strong></span> 
     </span>
    </p>
   </div>
   <div class='ocr_carea' id='block_1_2' title="bbox 116 1010 1546 2583">
    <p class='ocr_par' dir='ltr' id='par_1_2' title="bbox 118 1010 1546 2020">
     <span class='ocr_line' id='line_1_2' title="bbox 233 1010 1546 1065; baseline 0.002 -16"><span class='ocrx_word' id='word_1_4' title='bbox 233 1010 460 1050; x_wconf 76' lang='lat' dir='ltr'>Sallustium</span> <span class='ocrx_word' id='word_1_5' title='bbox 483 1011 622 1050; x_wconf 90' lang='lat' dir='ltr'>edendi</span> <span class='ocrx_word' id='word_1_6' title='bbox 645 1012 852 1051; x_wconf 90' lang='lat' dir='ltr'>consilium</span> <span class='ocrx_word' id='word_1_7' title='bbox 875 1013 1078 1052; x_wconf 82' lang='lat' dir='ltr'>maturavit</span> <span class='ocrx_word' id='word_1_8' title='bbox 1099 1013 1247 1052; x_wconf 86' lang='lat' dir='ltr'>adlatus</span> <span class='ocrx_word' id='word_1_9' title='bbox 1269 1013 1315 1052; x_wconf 89' lang='lat' dir='ltr'>ad</span> <span class='ocrx_word' id='word_1_10' title='bbox 1332 1026 1393 1052; x_wconf 90' lang='lat' dir='ltr'>me</span> <span class='ocrx_word' id='word_1_11' title='bbox 1417 1025 1546 1065; x_wconf 83' lang='lat' dir='ltr'>nuper</span> 
     </span>
     <span class='ocr_line' id='line_1_3' title="bbox 119 1067 1545 1122; baseline 0.001 -15"><span class='ocrx_word' id='word_1_12' title='bbox 119 1067 278 1107; x_wconf 85' lang='lat' dir='ltr'>Parisiis</span> <span class='ocrx_word' id='word_1_13' title='bbox 299 1068 423 1106; x_wconf 80' lang='lat' dir='ltr'>codex</span> <span class='ocrx_word' id='word_1_14' title='bbox 446 1069 619 1106; x_wconf 89' lang='lat' dir='ltr'>omnium</span> <span class='ocrx_word' id='word_1_15' title='bbox 645 1074 839 1119; x_wconf 84' lang='lat' dir='ltr'>quotquot</span> <span class='ocrx_word' id='word_1_16' title='bbox 863 1068 1122 1108; x_wconf 86' lang='lat' dir='ltr'>innotuerunt</span> <span class='ocrx_word' id='word_1_17' title='bbox 1144 1071 1327 1122; x_wconf 80' lang='lat' dir='ltr'>optimus,</span> <span class='ocrx_word' id='word_1_18' title='bbox 1354 1070 1421 1120; x_wconf 87' lang='lat' dir='ltr'>qui</span> <span class='ocrx_word' id='word_1_19' title='bbox 1441 1070 1545 1109; x_wconf 89' lang='lat' dir='ltr'>inter</span> 
     </span>
     <span class='ocr_line' id='line_1_4' title="bbox 119 1123 1543 1177; baseline 0 -13"><span class='ocrx_word' id='word_1_20' title='bbox 119 1124 360 1164; x_wconf 89' lang='lat' dir='ltr'>Sorbonicos</span> <span class='ocrx_word' id='word_1_21' title='bbox 381 1123 638 1164; x_wconf 81' lang='lat' dir='ltr'>bibliothecae</span> <span class='ocrx_word' id='word_1_22' title='bbox 655 1124 867 1175; x_wconf 24' lang='lat' dir='ltr'>imperial-is</span> <span class='ocrx_word' id='word_1_23' title='bbox 885 1134 943 1164; x_wconf 87' lang='lat' dir='ltr'>est</span> <span class='ocrx_word' id='word_1_24' title='bbox 961 1139 998 1164; x_wconf 86' lang='lat' dir='ltr'>n.</span> <span class='ocrx_word' id='word_1_25' title='bbox 1018 1128 1111 1166; x_wconf 76' lang='lat'><strong>500.</strong></span> <span class='ocrx_word' id='word_1_26' title='bbox 1139 1126 1251 1164; x_wconf 89' lang='lat' dir='ltr'>cuius</span> <span class='ocrx_word' id='word_1_27' title='bbox 1268 1125 1356 1164; x_wconf 84' lang='lat' dir='ltr'>libri</span> <span class='ocrx_word' id='word_1_28' title='bbox 1373 1126 1543 1177; x_wconf 79' lang='lat' dir='ltr'>scriptu-</span> 
     </span>
     <span class='ocr_line' id='line_1_5' title="bbox 118 1181 1545 1232; baseline 0.001 -12"><span class='ocrx_word' id='word_1_29' title='bbox 118 1193 180 1220; x_wconf 88' lang='lat' dir='ltr'>ras</span> <span class='ocrx_word' id='word_1_30' title='bbox 203 1193 291 1219; x_wconf 90' lang='lat' dir='ltr'>cum</span> <span class='ocrx_word' id='word_1_31' title='bbox 324 1181 363 1219; x_wconf 88' lang='lat' dir='ltr'>in</span> <span class='ocrx_word' id='word_1_32' title='bbox 389 1181 678 1220; x_wconf 88' lang='lat' dir='ltr'>commentariis</span> <span class='ocrx_word' id='word_1_33' title='bbox 699 1181 959 1221; x_wconf 87' lang='lat' dir='ltr'>Dietschianis</span> <span class='ocrx_word' id='word_1_34' title='bbox 991 1182 1232 1220; x_wconf 81' lang='lat' dir='ltr'>noviciorum</span> <span class='ocrx_word' id='word_1_35' title='bbox 1265 1181 1545 1232; x_wconf 82' lang='lat' dir='ltr'>exemplarium</span> 
     </span>
     <span class='ocr_line' id='line_1_6' title="bbox 118 1236 1542 1287; baseline 0.001 -11"><span class='ocrx_word' id='word_1_36' title='bbox 118 1236 299 1276; x_wconf 89' lang='lat' dir='ltr'>sordibus</span> <span class='ocrx_word' id='word_1_37' title='bbox 331 1237 490 1276; x_wconf 84' lang='lat' dir='ltr'>obrutas</span> <span class='ocrx_word' id='word_1_38' title='bbox 520 1237 710 1285; x_wconf 69' lang='lat' dir='ltr'>viderem,</span> <span class='ocrx_word' id='word_1_39' title='bbox 751 1238 781 1275; x_wconf 93' lang='lat' dir='ltr'>si</span> <span class='ocrx_word' id='word_1_40' title='bbox 813 1237 859 1275; x_wconf 86' lang='lat' dir='ltr'>ab</span> <span class='ocrx_word' id='word_1_41' title='bbox 892 1238 1100 1287; x_wconf 79' lang='lat' dir='ltr'>ingruente</span> <span class='ocrx_word' id='word_1_42' title='bbox 1133 1237 1292 1277; x_wconf 88' lang='lat' dir='ltr'>materie</span> <span class='ocrx_word' id='word_1_43' title='bbox 1323 1236 1542 1286; x_wconf 87' lang='lat' dir='ltr'>liberarem,</span> 
     </span>
     <span class='ocr_line' id='line_1_7' title="bbox 119 1293 1544 1344; baseline 0.001 -12"><span class='ocrx_word' id='word_1_44' title='bbox 119 1293 276 1333; x_wconf 75' lang='lat' dir='ltr'>Sallusti</span> <span class='ocrx_word' id='word_1_45' title='bbox 298 1293 542 1332; x_wconf 77' lang='lat' dir='ltr'>recensionis</span> <span class='ocrx_word' id='word_1_46' title='bbox 573 1294 825 1332; x_wconf 72' lang='lat' dir='ltr'>Fundamenta</span> <span class='ocrx_word' id='word_1_47' title='bbox 857 1293 1060 1344; x_wconf 87' lang='lat' dir='ltr'>sperabam</span> <span class='ocrx_word' id='word_1_48' title='bbox 1091 1294 1175 1333; x_wconf 84' lang='lat' dir='ltr'>sore</span> <span class='ocrx_word' id='word_1_49' title='bbox 1207 1300 1248 1333; x_wconf 91' lang='lat' dir='ltr'>ut</span> <span class='ocrx_word' id='word_1_50' title='bbox 1276 1293 1460 1333; x_wconf 81' lang='lat' dir='ltr'>solidiora</span> <span class='ocrx_word' id='word_1_51' title='bbox 1490 1294 1544 1333; x_wconf 90' lang='lat' dir='ltr'>ia-</span> 
     </span>
     <span class='ocr_line' id='line_1_8' title="bbox 119 1349 1544 1401; baseline 0.001 -12"><span class='ocrx_word' id='word_1_52' title='bbox 119 1355 316 1389; x_wconf 83' lang='lat' dir='ltr'>cerentur.</span> <span class='ocrx_word' id='word_1_53' title='bbox 358 1361 457 1400; x_wconf 83' lang='lat' dir='ltr'>quae</span> <span class='ocrx_word' id='word_1_54' title='bbox 489 1361 578 1401; x_wconf 90' lang='lat' dir='ltr'>spes</span> <span class='ocrx_word' id='word_1_55' title='bbox 608 1349 796 1401; x_wconf 87' lang='lat' dir='ltr'>opinione</span> <span class='ocrx_word' id='word_1_56' title='bbox 825 1349 1024 1389; x_wconf 86' lang='lat' dir='ltr'>laetiorem</span> <span class='ocrx_word' id='word_1_57' title='bbox 1057 1357 1236 1389; x_wconf 80' lang='lat' dir='ltr'>eventum</span> <span class='ocrx_word' id='word_1_58' title='bbox 1268 1350 1414 1389; x_wconf 86' lang='lat' dir='ltr'>habuit.</span> <span class='ocrx_word' id='word_1_59' title='bbox 1455 1363 1544 1390; x_wconf 89' lang='lat' dir='ltr'>nam</span> 
     </span>
     <span class='ocr_line' id='line_1_9' title="bbox 121 1406 1545 1458; baseline 0.001 -13"><span class='ocrx_word' id='word_1_60' title='bbox 121 1418 201 1446; x_wconf 91' lang='lat' dir='ltr'>non</span> <span class='ocrx_word' id='word_1_61' title='bbox 234 1406 361 1444; x_wconf 88' lang='lat' dir='ltr'>solum</span> <span class='ocrx_word' id='word_1_62' title='bbox 393 1406 555 1444; x_wconf 87' lang='lat' dir='ltr'>omissas</span> <span class='ocrx_word' id='word_1_63' title='bbox 586 1412 628 1445; x_wconf 90' lang='lat' dir='ltr'>ut</span> <span class='ocrx_word' id='word_1_64' title='bbox 658 1407 698 1445; x_wconf 81' lang='lat' dir='ltr'>sit</span> <span class='ocrx_word' id='word_1_65' title='bbox 728 1406 918 1446; x_wconf 84' lang='lat' dir='ltr'>lectiones</span> <span class='ocrx_word' id='word_1_66' title='bbox 949 1407 1088 1446; x_wconf 86' lang='lat' dir='ltr'>multas</span> <span class='ocrx_word' id='word_1_67' title='bbox 1120 1406 1379 1458; x_wconf 82' lang='lat' dir='ltr'>deprehendi,</span> <span class='ocrx_word' id='word_1_68' title='bbox 1410 1419 1545 1446; x_wconf 86' lang='lat' dir='ltr'>verum</span> 
     </span>
     <span class='ocr_line' id='line_1_10' title="bbox 120 1462 1544 1513; baseline 0.001 -12"><span class='ocrx_word' id='word_1_69' title='bbox 120 1462 234 1502; x_wconf 88' lang='lat' dir='ltr'>etiam</span> <span class='ocrx_word' id='word_1_70' title='bbox 257 1462 359 1501; x_wconf 91' lang='lat' dir='ltr'>haud</span> <span class='ocrx_word' id='word_1_71' title='bbox 381 1474 537 1512; x_wconf 86' lang='lat' dir='ltr'>paucas,</span> <span class='ocrx_word' id='word_1_72' title='bbox 561 1474 724 1512; x_wconf 84' lang='lat' dir='ltr'>quarum</span> <span class='ocrx_word' id='word_1_73' title='bbox 748 1463 787 1500; x_wconf 91' lang='lat' dir='ltr'>in</span> <span class='ocrx_word' id='word_1_74' title='bbox 805 1463 891 1513; x_wconf 89' lang='lat' dir='ltr'>ipso</span> <span class='ocrx_word' id='word_1_75' title='bbox 909 1463 1043 1501; x_wconf 87' lang='lat' dir='ltr'>codice</span> <span class='ocrx_word' id='word_1_76' title='bbox 1061 1475 1134 1502; x_wconf 88' lang='lat' dir='ltr'>nec</span> <span class='ocrx_word' id='word_1_77' title='bbox 1152 1462 1232 1501; x_wconf 78' lang='lat' dir='ltr'>vola</span> <span class='ocrx_word' id='word_1_78' title='bbox 1249 1474 1322 1502; x_wconf 88' lang='lat' dir='ltr'>nec</span> <span class='ocrx_word' id='word_1_79' title='bbox 1338 1462 1544 1513; x_wconf 73' lang='lat' dir='ltr'>vestigium</span> 
     </span>
     <span class='ocr_line' id='line_1_11' title="bbox 119 1518 1543 1569; baseline 0.001 -12"><span class='ocrx_word' id='word_1_80' title='bbox 119 1523 234 1565; x_wconf 83' lang='lat' dir='ltr'>esset,</span> <span class='ocrx_word' id='word_1_81' title='bbox 258 1518 367 1569; x_wconf 89' lang='lat' dir='ltr'>quasi</span> <span class='ocrx_word' id='word_1_82' title='bbox 391 1519 430 1557; x_wconf 91' lang='lat' dir='ltr'>in</span> <span class='ocrx_word' id='word_1_83' title='bbox 453 1531 498 1557; x_wconf 93' lang='lat' dir='ltr'>eo</span> <span class='ocrx_word' id='word_1_84' title='bbox 521 1524 697 1557; x_wconf 80' lang='lat' dir='ltr'>extarent</span> <span class='ocrx_word' id='word_1_85' title='bbox 716 1518 885 1557; x_wconf 86' lang='lat' dir='ltr'>traditas.</span> <span class='ocrx_word' id='word_1_86' title='bbox 931 1519 1033 1569; x_wconf 83' lang='lat' dir='ltr'>quod</span> <span class='ocrx_word' id='word_1_87' title='bbox 1057 1531 1105 1558; x_wconf 88' lang='lat' dir='ltr'>ne</span> <span class='ocrx_word' id='word_1_88' title='bbox 1128 1518 1160 1557; x_wconf 87' lang='lat' dir='ltr'>ei</span> <span class='ocrx_word' id='word_1_89' title='bbox 1182 1519 1263 1558; x_wconf 79' lang='lat' dir='ltr'>viro</span> <span class='ocrx_word' id='word_1_90' title='bbox 1280 1519 1368 1558; x_wconf 62' lang='lat' dir='ltr'>vitio</span> <span class='ocrx_word' id='word_1_91' title='bbox 1386 1525 1543 1567; x_wconf 84' lang='lat' dir='ltr'>vertam,</span> 
     </span>
     <span class='ocr_line' id='line_1_12' title="bbox 122 1574 1544 1626; baseline 0.001 -13"><span class='ocrx_word' id='word_1_92' title='bbox 122 1575 188 1626; x_wconf 89' lang='lat' dir='ltr'>qui</span> <span class='ocrx_word' id='word_1_93' title='bbox 212 1574 378 1613; x_wconf 89' lang='lat' dir='ltr'>contulit</span> <span class='ocrx_word' id='word_1_94' title='bbox 400 1575 586 1620; x_wconf 78' lang='lat' dir='ltr'>codicem,</span> <span class='ocrx_word' id='word_1_95' title='bbox 620 1574 684 1613; x_wconf 88' lang='lat' dir='ltr'>sed</span> <span class='ocrx_word' id='word_1_96' title='bbox 709 1575 860 1623; x_wconf 86' lang='lat' dir='ltr'>editori,</span> <span class='ocrx_word' id='word_1_97' title='bbox 891 1580 1019 1613; x_wconf 79' lang='lat' dir='ltr'>movet</span> <span class='ocrx_word' id='word_1_98' title='bbox 1048 1575 1166 1614; x_wconf 87' lang='lat' dir='ltr'>buius</span> <span class='ocrx_word' id='word_1_99' title='bbox 1188 1575 1337 1614; x_wconf 87' lang='lat' dir='ltr'>incuria</span> <span class='ocrx_word' id='word_1_100' title='bbox 1364 1588 1439 1626; x_wconf 88' lang='lat' dir='ltr'>qua</span> <span class='ocrx_word' id='word_1_101' title='bbox 1460 1575 1544 1614; x_wconf 84' lang='lat' dir='ltr'>Mo-</span> 
     </span>
     <span class='ocr_line' id='line_1_13' title="bbox 120 1630 1544 1682; baseline 0.001 -12"><span class='ocrx_word' id='word_1_102' title='bbox 120 1630 302 1670; x_wconf 88' lang='lat' dir='ltr'>nacensis</span> <span class='ocrx_word' id='word_1_103' title='bbox 334 1631 479 1670; x_wconf 88' lang='lat' dir='ltr'>codicis</span> <span class='ocrx_word' id='word_1_104' title='bbox 502 1631 802 1682; x_wconf 84' lang='lat' dir='ltr'>discrepantiam</span> <span class='ocrx_word' id='word_1_105' title='bbox 829 1644 849 1670; x_wconf 92' lang='lat' dir='ltr'>a</span> <span class='ocrx_word' id='word_1_106' title='bbox 879 1643 920 1669; x_wconf 82' lang='lat' dir='ltr'>se</span> <span class='ocrx_word' id='word_1_107' title='bbox 951 1631 1162 1682; x_wconf 78' lang='lat' dir='ltr'>excriptam</span> <span class='ocrx_word' id='word_1_108' title='bbox 1196 1644 1350 1682; x_wconf 81' lang='lat' dir='ltr'>quaque</span> <span class='ocrx_word' id='word_1_109' title='bbox 1371 1631 1544 1671; x_wconf 84' lang='lat' dir='ltr'>Vaticani</span> 
     </span>
     <span class='ocr_line' id='line_1_14' title="bbox 119 1686 1544 1738; baseline 0.001 -12"><span class='ocrx_word' id='word_1_110' title='bbox 119 1687 165 1726; x_wconf 90' lang='lat' dir='ltr'>ab</span> <span class='ocrx_word' id='word_1_111' title='bbox 187 1686 359 1726; x_wconf 90' lang='lat' dir='ltr'>Henrico</span> <span class='ocrx_word' id='word_1_112' title='bbox 382 1687 559 1726; x_wconf 89' lang='lat' dir='ltr'>Brunnio</span> <span class='ocrx_word' id='word_1_113' title='bbox 582 1694 774 1726; x_wconf 83' lang='lat' dir='ltr'>enotatam</span> <span class='ocrx_word' id='word_1_114' title='bbox 796 1687 984 1738; x_wconf 88' lang='lat' dir='ltr'>corrupit..</span> <span class='ocrx_word' id='word_1_115' title='bbox 1008 1700 1127 1738; x_wconf 88' lang='lat' dir='ltr'>quare</span> <span class='ocrx_word' id='word_1_116' title='bbox 1149 1687 1195 1726; x_wconf 86' lang='lat' dir='ltr'>de</span> <span class='ocrx_word' id='word_1_117' title='bbox 1216 1688 1322 1727; x_wconf 81' lang='lat' dir='ltr'>hisce</span> <span class='ocrx_word' id='word_1_118' title='bbox 1344 1687 1544 1728; x_wconf 86' lang='lat' dir='ltr'>codicibus</span> 
     </span>
     <span class='ocr_line' id='line_1_15' title="bbox 119 1743 1544 1795; baseline 0.001 -13"><span class='ocrx_word' id='word_1_119' title='bbox 119 1755 390 1795; x_wconf 87' lang='lat' dir='ltr'>quaecumque</span> <span class='ocrx_word' id='word_1_120' title='bbox 412 1744 588 1782; x_wconf 81' lang='lat' dir='ltr'>adnotavi</span> <span class='ocrx_word' id='word_1_121' title='bbox 620 1750 785 1783; x_wconf 87' lang='lat' dir='ltr'>meamet</span> <span class='ocrx_word' id='word_1_122' title='bbox 814 1743 889 1782; x_wconf 80' lang='lat' dir='ltr'>fide</span> <span class='ocrx_word' id='word_1_123' title='bbox 921 1743 990 1782; x_wconf 90' lang='lat' dir='ltr'>niti</span> <span class='ocrx_word' id='word_1_124' title='bbox 1020 1756 1175 1783; x_wconf 89' lang='lat' dir='ltr'>moneo.</span> <span class='ocrx_word' id='word_1_125' title='bbox 1217 1756 1375 1795; x_wconf 86' lang='lat' dir='ltr'>perraro</span> <span class='ocrx_word' id='word_1_126' title='bbox 1406 1744 1544 1783; x_wconf 87' lang='lat' dir='ltr'>accidit</span> 
     </span>
     <span class='ocr_line' id='line_1_16' title="bbox 120 1800 1542 1851; baseline 0 -12"><span class='ocrx_word' id='word_1_127' title='bbox 120 1805 162 1839; x_wconf 88' lang='lat' dir='ltr'>ut</span> <span class='ocrx_word' id='word_1_128' title='bbox 183 1800 230 1839; x_wconf 86' lang='lat' dir='ltr'>de</span> <span class='ocrx_word' id='word_1_129' title='bbox 253 1800 448 1851; x_wconf 84' lang='lat' dir='ltr'>scriptura</span> <span class='ocrx_word' id='word_1_130' title='bbox 472 1813 579 1839; x_wconf 89' lang='lat' dir='ltr'>nunc</span> <span class='ocrx_word' id='word_1_131' title='bbox 602 1812 759 1851; x_wconf 84' lang='lat' dir='ltr'>quoque</span> <span class='ocrx_word' id='word_1_132' title='bbox 780 1800 1047 1846; x_wconf 80' lang='lat' dir='ltr'>dubitaverim,</span> <span class='ocrx_word' id='word_1_133' title='bbox 1079 1813 1240 1851; x_wconf 80' lang='lat' dir='ltr'>eamque</span> <span class='ocrx_word' id='word_1_134' title='bbox 1262 1800 1542 1839; x_wconf 87' lang='lat' dir='ltr'>dubitationem</span> 
     </span>
     <span class='ocr_line' id='line_1_17' title="bbox 118 1856 1542 1908; baseline -0.001 -12"><span class='ocrx_word' id='word_1_135' title='bbox 118 1856 231 1896; x_wconf 85' lang='lat' dir='ltr'>solita</span> <span class='ocrx_word' id='word_1_136' title='bbox 252 1863 343 1896; x_wconf 86' lang='lat' dir='ltr'>nota</span> <span class='ocrx_word' id='word_1_137' title='bbox 364 1857 542 1895; x_wconf 77' lang='lat' dir='ltr'>indicavi.</span> <span class='ocrx_word' id='word_1_138' title='bbox 584 1863 755 1895; x_wconf 87' lang='lat' dir='ltr'>ceterum</span> <span class='ocrx_word' id='word_1_139' title='bbox 787 1856 972 1907; x_wconf 88' lang='lat' dir='ltr'>quoniam</span> <span class='ocrx_word' id='word_1_140' title='bbox 994 1856 1157 1895; x_wconf 84' lang='lat' dir='ltr'>Hermae</span> <span class='ocrx_word' id='word_1_141' title='bbox 1189 1856 1384 1895; x_wconf 78' lang='lat' dir='ltr'>volumine</span> <span class='ocrx_word' id='word_1_142' title='bbox 1415 1857 1542 1908; x_wconf 89' lang='lat' dir='ltr'>primo</span> 
     </span>
     <span class='ocr_line' id='line_1_18' title="bbox 118 1912 1543 1964; baseline 0.001 -13"><span class='ocrx_word' id='word_1_143' title='bbox 118 1925 157 1964; x_wconf 89' lang='lat' dir='ltr'>p.</span> <span class='ocrx_word' id='word_1_144' title='bbox 180 1913 260 1953; x_wconf 80' lang='lat'>229</span> <span class='ocrx_word' id='word_1_145' title='bbox 279 1924 330 1951; x_wconf 88' lang='lat' dir='ltr'>ss.</span> <span class='ocrx_word' id='word_1_146' title='bbox 356 1912 533 1964; x_wconf 84' lang='lat' dir='ltr'>pluribus</span> <span class='ocrx_word' id='word_1_147' title='bbox 555 1913 601 1951; x_wconf 93' lang='lat' dir='ltr'>de</span> <span class='ocrx_word' id='word_1_148' title='bbox 624 1912 713 1952; x_wconf 90' lang='lat' dir='ltr'>crisi</span> <span class='ocrx_word' id='word_1_149' title='bbox 731 1912 962 1952; x_wconf 86' lang='lat' dir='ltr'>Sallustiana</span> <span class='ocrx_word' id='word_1_150' title='bbox 979 1912 1182 1963; x_wconf 73' lang='lat' dir='ltr'>disputavi,</span> <span class='ocrx_word' id='word_1_151' title='bbox 1204 1912 1382 1951; x_wconf 87' lang='lat' dir='ltr'>hocloco</span> <span class='ocrx_word' id='word_1_152' title='bbox 1400 1912 1543 1964; x_wconf 87' lang='lat' dir='ltr'>quibus</span> 
     </span>
     <span class='ocr_line' id='line_1_19' title="bbox 120 1968 1406 2020; baseline -0.001 -12"><span class='ocrx_word' id='word_1_153' title='bbox 120 1981 192 2020; x_wconf 85' lang='lat' dir='ltr'>ego</span> <span class='ocrx_word' id='word_1_154' title='bbox 215 1975 253 2008; x_wconf 89' lang='lat' dir='ltr'>et</span> <span class='ocrx_word' id='word_1_155' title='bbox 273 1969 456 2007; x_wconf 90' lang='lat' dir='ltr'>subsidiis</span> <span class='ocrx_word' id='word_1_156' title='bbox 479 1975 515 2007; x_wconf 86' lang='lat' dir='ltr'>et</span> <span class='ocrx_word' id='word_1_157' title='bbox 537 1968 753 2008; x_wconf 86' lang='lat' dir='ltr'>rationibus</span> <span class='ocrx_word' id='word_1_158' title='bbox 774 1980 856 2008; x_wconf 87' lang='lat' dir='ltr'>rem</span> <span class='ocrx_word' id='word_1_159' title='bbox 879 1970 1023 2020; x_wconf 81' lang='lat' dir='ltr'>egerim</span> <span class='ocrx_word' id='word_1_160' title='bbox 1045 1969 1179 2020; x_wconf 81' lang='lat' dir='ltr'>paucis</span> <span class='ocrx_word' id='word_1_161' title='bbox 1201 1969 1406 2008; x_wconf 77' lang='lat' dir='ltr'>absolvam.</span> 
     </span>
    </p>

    <p class='ocr_par' dir='ltr' id='par_1_3' title="bbox 116 2023 1542 2583">
     <span class='ocr_line' id='line_1_20' title="bbox 235 2023 1542 2076; baseline 0.001 -13"><span class='ocrx_word' id='word_1_162' title='bbox 235 2023 528 2064; x_wconf 86' lang='lat' dir='ltr'>Catilinarii</span> <span class='ocrx_word' id='word_1_163' title='bbox 551 2025 671 2075; x_wconf 84' lang='lat' dir='ltr'>igitur</span> <span class='ocrx_word' id='word_1_164' title='bbox 687 2025 1036 2075; x_wconf 78' lang='lat' dir='ltr'>etlugurtbini</span> <span class='ocrx_word' id='word_1_165' title='bbox 1058 2025 1180 2064; x_wconf 89' lang='lat' dir='ltr'>belli</span> <span class='ocrx_word' id='word_1_166' title='bbox 1203 2025 1381 2064; x_wconf 88' lang='lat' dir='ltr'>codicum</span> <span class='ocrx_word' id='word_1_167' title='bbox 1398 2037 1542 2076; x_wconf 82' lang='lat' dir='ltr'>genera</span> 
     </span>
     <span class='ocr_line' id='line_1_21' title="bbox 119 2081 1542 2133; baseline -0.001 -12"><span class='ocrx_word' id='word_1_168' title='bbox 119 2081 283 2121; x_wconf 81' lang='lat' dir='ltr'>maxime</span> <span class='ocrx_word' id='word_1_169' title='bbox 300 2081 377 2120; x_wconf 89' lang='lat' dir='ltr'>duo</span> <span class='ocrx_word' id='word_1_170' title='bbox 397 2094 482 2121; x_wconf 84' lang='lat' dir='ltr'>esse</span> <span class='ocrx_word' id='word_1_171' title='bbox 497 2082 667 2133; x_wconf 83' lang='lat' dir='ltr'>adparet,</span> <span class='ocrx_word' id='word_1_172' title='bbox 685 2081 847 2120; x_wconf 86' lang='lat' dir='ltr'>alterum</span> <span class='ocrx_word' id='word_1_173' title='bbox 866 2093 1001 2120; x_wconf 90' lang='lat' dir='ltr'>eorum</span> <span class='ocrx_word' id='word_1_174' title='bbox 1014 2081 1311 2133; x_wconf 81' lang='lat' dir='ltr'>quilugurthini</span> <span class='ocrx_word' id='word_1_175' title='bbox 1328 2087 1436 2132; x_wconf 87' lang='lat' dir='ltr'>parte</span> <span class='ocrx_word' id='word_1_176' title='bbox 1446 2092 1542 2132; x_wconf 86' lang='lat' dir='ltr'>qua-</span> 
     </span>
     <span class='ocr_line' id='line_1_22' title="bbox 119 2137 1540 2188; baseline -0.001 -11"><span class='ocrx_word' id='word_1_177' title='bbox 119 2138 205 2177; x_wconf 88' lang='lat' dir='ltr'>dam</span> <span class='ocrx_word' id='word_1_178' title='bbox 218 2141 267 2186; x_wconf 88' lang='lat' dir='ltr'>(c.</span> <span class='ocrx_word' id='word_1_179' title='bbox 284 2139 375 2184; x_wconf 71' lang='lat'>103,</span> <span class='ocrx_word' id='word_1_180' title='bbox 389 2139 493 2178; x_wconf 80' lang='lat'>2—1</span> <span class='ocrx_word' id='word_1_181' title='bbox 507 2139 569 2185; x_wconf 83' lang='lat'>12,</span> <span class='ocrx_word' id='word_1_182' title='bbox 583 2140 623 2186; x_wconf 87' lang='lat'>3)</span> <span class='ocrx_word' id='word_1_183' title='bbox 642 2139 807 2177; x_wconf 86' lang='lat' dir='ltr'>truncati</span> <span class='ocrx_word' id='word_1_184' title='bbox 827 2144 931 2185; x_wconf 85' lang='lat' dir='ltr'>sunt,</span> <span class='ocrx_word' id='word_1_185' title='bbox 951 2138 1114 2177; x_wconf 87' lang='lat' dir='ltr'>alterum</span> <span class='ocrx_word' id='word_1_186' title='bbox 1133 2149 1267 2177; x_wconf 87' lang='lat' dir='ltr'>eorum</span> <span class='ocrx_word' id='word_1_187' title='bbox 1285 2137 1352 2188; x_wconf 89' lang='lat' dir='ltr'>qui</span> <span class='ocrx_word' id='word_1_188' title='bbox 1377 2137 1540 2188; x_wconf 87' lang='lat' dir='ltr'>integri;</span> 
     </span>
     <span class='ocr_line' id='line_1_23' title="bbox 118 2193 1542 2246; baseline -0.001 -12"><span class='ocrx_word' id='word_1_189' title='bbox 118 2201 156 2234; x_wconf 94' lang='lat' dir='ltr'>et</span> <span class='ocrx_word' id='word_1_190' title='bbox 176 2194 232 2233; x_wconf 88' lang='lat' dir='ltr'>illi</span> <span class='ocrx_word' id='word_1_191' title='bbox 254 2194 409 2245; x_wconf 84' lang='lat' dir='ltr'>quidem</span> <span class='ocrx_word' id='word_1_192' title='bbox 431 2195 586 2234; x_wconf 84' lang='lat' dir='ltr'>saeculo</span> <span class='ocrx_word' id='word_1_193' title='bbox 609 2194 759 2233; x_wconf 88' lang='lat' dir='ltr'>decimo</span> <span class='ocrx_word' id='word_1_194' title='bbox 782 2194 916 2246; x_wconf 87' lang='lat' dir='ltr'>scripti</span> <span class='ocrx_word' id='word_1_195' title='bbox 948 2201 1041 2233; x_wconf 90' lang='lat' dir='ltr'>sunt</span> <span class='ocrx_word' id='word_1_196' title='bbox 1069 2194 1246 2246; x_wconf 84' lang='lat' dir='ltr'>plerique</span> <span class='ocrx_word' id='word_1_197' title='bbox 1276 2205 1432 2241; x_wconf 88' lang='lat' dir='ltr'>omnes,</span> <span class='ocrx_word' id='word_1_198' title='bbox 1465 2193 1542 2232; x_wconf 88' lang='lat' dir='ltr'>nisi</span> 
     </span>
     <span class='ocr_line' id='line_1_24' title="bbox 118 2249 1541 2302; baseline -0.001 -13"><span class='ocrx_word' id='word_1_199' title='bbox 118 2251 224 2301; x_wconf 86' lang='lat' dir='ltr'>quod</span> <span class='ocrx_word' id='word_1_200' title='bbox 240 2250 441 2290; x_wconf 88' lang='lat' dir='ltr'>Parisinus</span> <span class='ocrx_word' id='word_1_201' title='bbox 463 2257 597 2290; x_wconf 88' lang='lat' dir='ltr'>noster</span> <span class='ocrx_word' id='word_1_202' title='bbox 617 2256 780 2302; x_wconf 87' lang='lat' dir='ltr'>propter</span> <span class='ocrx_word' id='word_1_203' title='bbox 794 2264 818 2290; x_wconf 88' lang='lat' dir='ltr'>a</span> <span class='ocrx_word' id='word_1_204' title='bbox 838 2257 993 2302; x_wconf 89' lang='lat' dir='ltr'>apertae</span> <span class='ocrx_word' id='word_1_205' title='bbox 1012 2256 1047 2289; x_wconf 91' lang='lat' dir='ltr'>et</span> <span class='ocrx_word' id='word_1_206' title='bbox 1064 2264 1086 2290; x_wconf 82' lang='grc' dir='ltr'><em>α</em></span> <span class='ocrx_word' id='word_1_207' title='bbox 1103 2251 1255 2290; x_wconf 89' lang='lat' dir='ltr'>clausae</span> <span class='ocrx_word' id='word_1_208' title='bbox 1271 2249 1541 2301; x_wconf 84' lang='lat' dir='ltr'>promiscuum</span> 
     </span>
     <span class='ocr_line' id='line_1_25' title="bbox 117 2306 1542 2359; baseline -0.001 -13"><span class='ocrx_word' id='word_1_209' title='bbox 117 2319 231 2346; x_wconf 88' lang='lat' dir='ltr'>usum</span> <span class='ocrx_word' id='word_1_210' title='bbox 254 2307 385 2359; x_wconf 87' lang='lat' dir='ltr'>potius</span> <span class='ocrx_word' id='word_1_211' title='bbox 415 2319 520 2346; x_wconf 89' lang='lat' dir='ltr'>nono</span> <span class='ocrx_word' id='word_1_212' title='bbox 552 2307 671 2356; x_wconf 83' lang='lat' dir='ltr'>tribui</span> <span class='ocrx_word' id='word_1_213' title='bbox 704 2306 845 2346; x_wconf 85' lang='lat' dir='ltr'>debere</span> <span class='ocrx_word' id='word_1_214' title='bbox 875 2306 1046 2353; x_wconf 81' lang='lat' dir='ltr'>videtur,</span> <span class='ocrx_word' id='word_1_215' title='bbox 1076 2307 1217 2347; x_wconf 89' lang='lat' dir='ltr'>horum</span> <span class='ocrx_word' id='word_1_216' title='bbox 1246 2306 1542 2357; x_wconf 85' lang='lat' dir='ltr'>antiquissimus</span> 
     </span>
     <span class='ocr_line' id='line_1_26' title="bbox 116 2361 1540 2415; baseline -0.001 -13"><span class='ocrx_word' id='word_1_217' title='bbox 116 2363 286 2415; x_wconf 90' lang='lat' dir='ltr'>scriptus</span> <span class='ocrx_word' id='word_1_218' title='bbox 326 2371 384 2403; x_wconf 88' lang='lat' dir='ltr'>est</span> <span class='ocrx_word' id='word_1_219' title='bbox 421 2363 575 2403; x_wconf 85' lang='lat' dir='ltr'>saeculo</span> <span class='ocrx_word' id='word_1_220' title='bbox 614 2363 821 2403; x_wconf 88' lang='lat' dir='ltr'>undecimo</span> <span class='ocrx_word' id='word_1_221' title='bbox 861 2363 981 2402; x_wconf 78' lang='lat' dir='ltr'>codex</span> <span class='ocrx_word' id='word_1_222' title='bbox 1011 2363 1257 2402; x_wconf 73' lang='lat' dir='ltr'>Monacensis</span> <span class='ocrx_word' id='word_1_223' title='bbox 1290 2361 1354 2401; x_wconf 87' lang='lat' dir='ltr'>lat.</span> <span class='ocrx_word' id='word_1_224' title='bbox 1389 2363 1540 2403; x_wconf 79' lang='grc'><strong>14477.</strong></span> 
     </span>
     <span class='ocr_line' id='line_1_27' title="bbox 117 2417 1542 2471; baseline -0.001 -13"><span class='ocrx_word' id='word_1_225' title='bbox 117 2419 256 2459; x_wconf 88' lang='lat' dir='ltr'>deinde</span> <span class='ocrx_word' id='word_1_226' title='bbox 279 2420 383 2459; x_wconf 87' lang='lat' dir='ltr'>inter</span> <span class='ocrx_word' id='word_1_227' title='bbox 403 2420 644 2460; x_wconf 88' lang='lat' dir='ltr'>recentiores</span> <span class='ocrx_word' id='word_1_228' title='bbox 665 2419 785 2459; x_wconf 88' lang='lat' dir='ltr'>libros</span> <span class='ocrx_word' id='word_1_229' title='bbox 806 2420 921 2471; x_wconf 87' lang='lat' dir='ltr'>pauci</span> <span class='ocrx_word' id='word_1_230' title='bbox 943 2419 1099 2470; x_wconf 87' lang='lat' dir='ltr'>quidam</span> <span class='ocrx_word' id='word_1_231' title='bbox 1121 2419 1235 2470; x_wconf 87' lang='lat' dir='ltr'>eique</span> <span class='ocrx_word' id='word_1_232' title='bbox 1257 2418 1412 2458; x_wconf 84' lang='lat' dir='ltr'>saeculo</span> <span class='ocrx_word' id='word_1_233' title='bbox 1433 2417 1542 2457; x_wconf 83' lang='lat' dir='ltr'>XIIII</span> 
     </span>
     <span class='ocr_line' id='line_1_28' title="bbox 117 2473 1541 2525; baseline 0 -11"><span class='ocrx_word' id='word_1_234' title='bbox 117 2476 292 2515; x_wconf 87' lang='lat' dir='ltr'>iuniores</span> <span class='ocrx_word' id='word_1_235' title='bbox 314 2477 483 2525; x_wconf 86' lang='lat' dir='ltr'>(tertiam</span> <span class='ocrx_word' id='word_1_236' title='bbox 506 2477 685 2516; x_wconf 82' lang='lat' dir='ltr'>familiam</span> <span class='ocrx_word' id='word_1_237' title='bbox 711 2475 812 2515; x_wconf 87' lang='lat' dir='ltr'>hanc</span> <span class='ocrx_word' id='word_1_238' title='bbox 833 2476 925 2515; x_wconf 87' lang='lat' dir='ltr'>fecit</span> <span class='ocrx_word' id='word_1_239' title='bbox 945 2475 1126 2525; x_wconf 83' lang='lat' dir='ltr'>Rothius)</span> <span class='ocrx_word' id='word_1_240' title='bbox 1158 2480 1362 2515; x_wconf 87' lang='lat' dir='ltr'>servarunt</span> <span class='ocrx_word' id='word_1_241' title='bbox 1383 2473 1541 2514; x_wconf 88' lang='lat' dir='ltr'>Sallusti</span> 
     </span>
     <span class='ocr_line' id='line_1_29' title="bbox 116 2531 1540 2583; baseline 0 -12"><span class='ocrx_word' id='word_1_242' title='bbox 116 2533 329 2572; x_wconf 88' lang='lat' dir='ltr'>sententias</span> <span class='ocrx_word' id='word_1_243' title='bbox 350 2533 390 2571; x_wconf 92' lang='lat' dir='ltr'>in</span> <span class='ocrx_word' id='word_1_244' title='bbox 412 2533 552 2572; x_wconf 86' lang='lat' dir='ltr'>ceteris</span> <span class='ocrx_word' id='word_1_245' title='bbox 574 2532 757 2572; x_wconf 89' lang='lat' dir='ltr'>omnibus</span> <span class='ocrx_word' id='word_1_246' title='bbox 779 2532 941 2571; x_wconf 87' lang='lat' dir='ltr'>omissas</span> <span class='ocrx_word' id='word_1_247' title='bbox 963 2538 1042 2572; x_wconf 83' lang='lat' dir='ltr'>tres</span> <span class='ocrx_word' id='word_1_248' title='bbox 1064 2542 1113 2580; x_wconf 64' lang='lat' dir='ltr'>tv.</span> <span class='ocrx_word' id='word_1_249' title='bbox 1130 2543 1168 2583; x_wconf 90' lang='lat' dir='ltr'>p.</span> <span class='ocrx_word' id='word_1_250' title='bbox 1186 2532 1223 2580; x_wconf 88' lang='grc'>6,</span> <span class='ocrx_word' id='word_1_251' title='bbox 1245 2533 1280 2571; x_wconf 86' lang='grc'>1.</span> <span class='ocrx_word' id='word_1_252' title='bbox 1299 2532 1364 2580; x_wconf 83' lang='grc'>52,</span> <span class='ocrx_word' id='word_1_253' title='bbox 1388 2532 1453 2572; x_wconf 83' lang='lat'>25.</span> <span class='ocrx_word' id='word_1_254' title='bbox 1472 2531 1540 2578; x_wconf 88' lang='grc'>66,</span> 
     </span>
    </p>
   </div>
  </div>
 </body>
</html>
