1709 2885
465 83 709 117 PRAEFATIO
735 82 944 117 EDlTlONlS
969 83 1141 117 PRIMAE.
1478 94 1524 119 xv

110 187 189 235 10),
212 186 258 225 de
281 185 424 237 quibus
446 198 535 225 cum
555 186 668 224 multi
689 185 802 225 etiam
825 198 932 225 nunc
954 184 1131 225 dubitent
1151 186 1282 225 sintne
1304 185 1428 234 illius,
1451 198 1523 238 ego

106 241 308 281 Rothianis
329 242 546 282 rationibus
566 254 730 292 prorsus
751 242 906 281 accedo.
945 242 1126 281 videntur
1145 247 1274 281 autem
1296 255 1317 281 e
1337 243 1524 293 margini-

105 298 180 338 bus
200 298 288 336 libri
309 297 472 339 alicuius
493 297 688 349 paullatim
712 299 751 337 in
773 310 881 337 suam
905 298 1037 337 sedem
1068 298 1242 337 rediisse.
1283 299 1351 337 sed
1381 299 1523 338 horum

107 367 294 405 generum
316 354 552 406 propagines
575 354 637 392 alii
652 354 763 393 aliter
780 354 1100 401 informaverunt,
1122 354 1288 393 Rothius
1304 354 1524 394 Dietschius

66 460 68 462 v
105 410 349 450 Wolfssinus:
383 423 454 461 ego
484 411 539 449 sic
568 410 757 449 existimo.
806 411 990 461 quoniam
1013 410 1068 449 eis
1089 410 1206 458 10615,
1239 411 1380 462 quibus
1409 411 1524 450 verba

107 467 295 518 quaedem
313 468 499 506 excidisse
512 472 684 518 apparet,
703 467 873 517 primum
888 466 1131 517 alterumque
1148 478 1272 517 genus
1289 467 1340 506 ita
1356 479 1524 506 consen-

105 523 209 562 tiunt
229 528 271 562 ut
291 523 330 562 in
353 524 418 563 illo
440 523 672 574 plerumque
692 522 774 561 hiet
794 523 930 571 oratio,
952 523 992 561 in
1014 523 1089 561 1106
1107 535 1152 561 ex
1167 523 1326 562 arbitrio
1344 529 1444 562 sarta
1462 524 1523 571 sit,

106 580 247 618 deinde
268 580 452 630 quoniam
475 579 640 629 graviter
661 585 843 631 corrupta
866 591 989 630 aeque
1010 579 1191 618 exhibent
1213 580 1364 631 antiqui
1396 584 1433 618 et
1462 592 1524 618 re-

106 636 301 675 centiores
323 636 423 683 libri,
445 636 700 686 archetypum
723 636 877 685 generis
899 636 1055 674 alterius
1072 648 1117 674 ex
1134 636 1219 686 ipso
1237 636 1390 686 primig
1371 636 1524 675 veneris

105 704 147 731 a1
151 692 315 743 chetvpo
336 697 402 731 aut
423 705 468 731 ex
489 691 655 754 quodam
678 692 761 730 6105
783 692 960 743 exemplo
985 704 1122 743 parum
1153 692 1354 731 emendate
1376 693 1523 743 scripto

105 749 311 800 prodiisse,
328 749 394 787 sed
411 747 621 787 accessisse
639 760 683 786 ex
704 748 779 786 alio
802 749 968 811 (1110111111
991 748 1124 787 codice
1145 754 1294 799 partem
1317 749 1355 787 in
1374 748 1524 787 mancis

106 805 389 855 exemplaribus
412 804 606 843 omissam.
650 804 762 843 cuius
783 804 839 843 161
862 805 994 843 nescio
1016 817 1064 843 an
1086 804 1290 855 vestigium
1311 810 1465 843 maneat
1484 804 1524 843 in

105 861 231 900 verbis
252 860 473 911 Iugurthini
497 874 526 899 c
556 861 693 907 103&
674 861 755 899 )111
779 861 894 911 plinii
917 861 1072 911 generis
1094 860 1293 900 codicibus
1314 861 1388 899 hoc
1409 861 1524 899 modo

105 929 220 968 prave
241 917 419 967 scriptis,
448 924 529 956 tum
556 929 693 956 rursus
713 916 876 956 Bocchus
894 918 1055 968 feliciter
1081 930 1143 956 seu
1177 918 1399 969 reputando,
1432 929 1524 968 quae

104 973 178 1013 sibi
205 973 347 1013 duobus
362 973 519 1025 proeliis
539 981 732 1021 venerant,
763 986 829 1012 seu
853 975 1067 1012 admonitus
1087 973 1133 1012 ab
1155 973 1241 1013 aliis
1261 975 1403 1021 amicis,
1436 985 1526 1025 quos

104 1032 341 1081 incorruptos
361 1029 547 1080 Iugurtha
565 1029 781 1081 reliquerat,
812 1041 860 1068 ea>
881 1033 986 1069 omni
1005 1033 1109 1080 copia
1130 1032 1423 1069 necessariorum
1444 1029 1525 1067 his-

104 1097 182 1136 que
203 1086 484 1125 continuantur
504 1086 568 1124 illa
589 1098 621 1124 c.
643 1087 735 1134 112,
754 1088 776 1126 3
795 1099 924 1137 pacemv
945 1085 1053 1125 vellet
1072 1086 1234 1137 reliqua.
1274 1086 1436 1125 secundi
1459 1097 1525 1136 ge-

104 1142 211 1181 neris
228 1142 395 1190 codices,
417 1142 456 1181 in
474 1142 616 1193 quibus
635 1147 763 1181 extant
778 1142 841 1180 illa
858 1154 956 1192 quae
978 1143 1016 1181 in
1035 1142 1161 1193 primo
1180 1142 1418 1188 exciderunt,
1443 1154 1524 1180 non

106 1198 202 1237 nulli
224 1199 404 1249 interque
426 1211 492 1237 eos
513 1198 758 1237 Monacensis
780 1198 880 1237 idem
903 1198 998 1237 illud
1015 1199 1176 1249 feliciter
1191 1203 1326 1237 tenent
1342 1198 1445 1249 quod
1464 1198 1526 1237 in-

103 1253 233 1304 tellegi
256 1255 403 1305 0611011,
426 1261 462 1294 at
486 1254 548 1292 alii
570 1254 749 1294 invexere
771 1267 952 1305 perverso
975 1255 1181 1294 conamine
1201 1256 1388 1305 flectam,
1420 1254 1522 1305 quod

104 1310 291 1349 Dietschii
313 1311 521 1349 adsensum
542 1310 647 1359 tulit,
670 1310 820 1361 aliaque
851 1311 964 1349 etiam
995 1311 1199 1361 ineptiora.
1240 1310 1334 1349 mihi
1365 1311 1527 1361 feliciter

104 1366 145 1405 in
166 1366 374 1405 verborum
396 1367 572 1405 ordinem
596 1379 615 1405 e
636 1367 811 1417 margine
833 1367 1047 1417 inrepsisse
1070 1367 1221 1405 videtur
1246 1366 1379 1417 ibique
1403 1367 1526 1417 scrip-

103 1429 187 1461 tum
209 1435 293 1461 esse
315 1423 361 1461 ab
383 1435 428 1462 eo
450 1423 605 1462 librario
628 1423 708 1473 qui⁷
733 1435 820 1461 60111
852 1429 940 1473 11051
969 1426 1263 1462 necessart'ormn
1295 1423 1415 1461 codex
1448 1422 1527 1461 sive

103 1484 307 1518 truncatus
330 1480 407 1518 sive
429 1479 535 1518 hiatu
558 1479 775 1529 scripturae
796 1479 899 1518 16661·
920 1479 1230 1527 esset‚'feliciter
1250 1479 1363 1517 finire
1385 1479 1526 1529 Iugur-

103 1535 208 1573 tham
226 1535 427 1574 indicaret.
468 1535 607 1586 quodsi
629 1541 733 1574 recte
754 1535 884 1584 statui,
906 1540 1011 1586 patet
1032 1535 1191 1574 alterius
1214 1535 1369 1585 generis
1390 1535 1527 1574 archess

104 1597 239 1642 typum
260 1591 433 1642 pendere
453 1604 473 1630 a
496 1604 638 1642 genere
668 1591 807 1642 primo.
851 1604 925 1643 qua
956 1592 1003 1629 (le
1032 1596 1074 1630 re
1103 1591 1163 1629 vix
1197 1591 1429 1630 dubitaverit
1460 1592 1527 1642 qui

105 1660 188 1686 eam
209 1647 419 1698 Iugurthae
441 1655 589 1699 partem
611 1660 709 1698 (1066
731 1648 929 1699 praecedit
948 1647 1062 1686 verba
1084 1648 1148 1686 illa
1170 1660 1202 1686 6.
1224 1649 1302 1687 112
1325 1653 1362 1686 et
1382 1648 1421 1686 in
1445 1648 1527 1699 pri-

104 1704 178 1742 mis
207 1705 295 1743 talia
325 1704 450 1755 qualia
483 1710 576 1744 sunt
597 1717 629 1743 c.
650 1706 715 1753 73,
733 1706 772 1743 7.
801 1705 867 1752 92,
886 1706 922 1744 3.
953 1707 1082 1751 100‚1
1114 1704 1419 1755 perlustraverit.
1460 1704 1527 1743 sed

104 1759 136 1798 is
157 1760 277 1807 liber,
309 1774 328 1799 e
352 1773 429 1812 quo
453 1767 542 1811 post
562 1761 763 1800 saeculum
786 1761 978 1799 decimum
1000 1760 1163 1799 accessit
1183 1759 1406 1810 Iugurthini
1437 1772 1527 1811 pars

105 1828 204 1866 quae
215 1822 273 1856 est
288 1817 359 1856 sub
378 1817 509 1865 finem,
527 1817 719 1868 pessimae
736 1823 848 1855 notae
866 1816 986 1855 fuisse
1004 1816 1166 1863 videtur,
1185 1816 1332 1867 quippe
1347 1821 1453 1855 tanta
1471 1821 1529 1855 est

105 1873 218 1911 etiam
240 1873 600 1923 antiquissimorum
617 1873 930 1924 apographorum
947 1872 1219 1924 discrepantia,
1240 1878 1345 1912 tanta
1361 1873 1527 1911 mendo-

104 1941 191 1967 rum
214 1929 282 1976 vis,
308 1935 351 1968 ut
371 1929 480 1967 illum
503 1929 673 1968 codicem
697 1936 735 1969 et
755 1929 1009 1980 neglegenter
1030 1929 1221 1980 scriptum
1245 1934 1282 1967 et
1304 1928 1444 1979 glossis
1465 1928 1527 1967 in-

106 1984 311 2036 quinatum
330 1985 451 2024 fuisse
473 1985 655 2024 conicias.
696 1985 813 2025 duces
834 1986 953 2036 igitur
974 1986 1013 2024 in
1035 1986 1106 2024 hac
1128 1993 1237 2036 parte
1259 1985 1390 2036 operis
1407 1984 1527 2035 selegi

105 2041 399 2091 antiquissimos
420 2041 695 2080 Monacensem
717 2042 890 2081 codicem
915 2041 1064 2089 14477,
1089 2054 1203 2093 quem
1226 2041 1292 2081 ubi
1315 2042 1353 2080 in
1387 2041 1527 2080 ceteris

104 2097 280 2149 partibus
301 2098 460 2136 adhibui
482 2098 609 2137 vocavi
632 2099 848 2149 ‘optimum’
870 2098 1216 2150 interpolatorum,
1241 2103 1278 2137 et
1298 2097 1527 2137 Vaticanum

106 2166 146 2192 n.
165 2154 273 2195 3325
292 2155 481 2205 scriptum
498 2166 527 2193 s.
547 2154 612 2202 XI,
630 2155 695 2205 qui
717 2155 807 2194 olim
826 2155 899 2194 fuit
917 2155 1141 2193 monasterii
1160 2155 1199 2193 S.
1215 2154 1319 2192 Petri
1336 2154 1375 2192 in
1393 2159 1527 2192 monte

104 2209 324 2249 Blandinio.
367 2217 403 2249 et
424 2211 463 2249 in
485 2211 560 2249 1106
581 2211 736 2261 quidem
758 2211 871 2258 libro,
894 2216 937 2250 ut
957 2211 996 2249 in
1019 2211 1103 2250 aliis
1125 2211 1357 2262 quibusdam
1379 2211 1527 2261 primae

104 2266 290 2315 familiae,
327 2267 466 2306 omissa
502 2279 591 2318 pars
626 2267 689 2306 illa
718 2268 928 2318 Iugurthae
957 2267 998 2306 111
1027 2268 1105 2306 fine
1135 2267 1283 2306 adiecta
1315 2274 1374 2306 est
1408 2278 1527 2305 manu

104 2322 242 2373 prima.
283 2323 561 2375 dicrepantiam
583 2324 799 2375 scripturae
822 2323 1038 2363 universam
1063 2323 1274 2374 excriptam
1307 2323 1428 2362 debeo
1460 2335 1527 2361 vo-

104 2378 243 2418 luntati
264 2380 429 2430 Augusti
451 2379 708 2419 Wilmannsii.
749 2381 815 2420 sed
839 2393 858 2419 a
880 2380 1079 2419 communi
1100 2380 1262 2419 duarum
1294 2379 1527 2418 familiarum

106 2434 316 2486 archetypo
348 2442 429 2475 toto
453 2436 558 2475 caelo
581 2436 721 2476 distare
740 2437 846 2476 visus
869 2442 926 2475 est
955 2436 1076 2475 codex
1105 2436 1183 2484 ille,
1215 2449 1234 2474 e
1262 2448 1340 2486 quo
1371 2435 1526 2474 saeculo

106 2490 254 2530 decimo
277 2504 430 2532 nonove
450 2492 630 2532 Vaticana
653 2493 871 2532 orationum
895 2499 932 2532 et
959 2492 1213 2543 epistularum
1244 2492 1391 2542 sylloga
1419 2498 1527 2530 tran-

105 2546 248 2599 scripta
270 2554 339 2587 est.
382 2561 480 2600 quae
501 2549 591 2588 licet
611 2550 829 2589 communis
849 2550 931 2588 fere
949 2549 1153 2587 hominum
1170 2549 1375 2587 doctorum
1392 2548 1527 2600 opinio
