1709 2885
145 93 198 136 38
307 97 341 131 C.
361 96 566 131 SALLUSTI
590 96 726 131 CRISPI
749 97 802 130 DE
829 94 1146 130 GONIURATIONE
1172 95 1397 130 CATILINAE

103 205 124 238 4
147 199 412 240 conciderant.
462 199 622 239 Catilina
653 209 743 239 vero
773 199 890 250 longe
919 212 939 238 a
959 199 1041 239 suis
1061 198 1162 238 inter
1181 198 1350 238 hostium
1380 199 1561 238 cadavera

144 261 324 308 repertus
344 261 423 303 est,
444 256 646 308 paululum
667 256 779 296 etiam
801 256 956 307 spirans
979 255 1240 306 ferociamque
1271 255 1412 302 animi,
1444 267 1559 306 quam

103 318 123 350 5
145 312 331 353 habuerat
359 311 484 359 vivos,
515 312 554 351 in
584 312 686 351 voltu
719 312 907 350 retinens.
938 317 1135 363 postremo
1158 323 1204 350 ex
1227 311 1331 350 omni
1358 311 1469 362 copia
1491 324 1560 350 ne-

146 381 222 420 que
242 369 282 407 in
304 368 454 420 proelio
477 380 605 419 neque
619 368 659 407 in
676 368 766 419 suga
782 367 987 418 quisquam
1004 367 1096 407 civis
1112 368 1308 418 ingenuus
1325 373 1460 418 captus
1477 373 1557 411 est:

62 429 84 462 ὃ
102 430 121 462 7
146 424 197 464 ita
227 424 356 464 cuncti
388 437 480 464 suae
509 425 759 475 hostiumque
787 424 885 463 vitae
915 424 1018 464 iuxta
1040 428 1308 475 pepercerant.
1350 435 1478 474 neque
1503 428 1560 462 ta-
1590 430 1609 462 5

145 493 235 520 men
258 481 450 520 exercitus
471 480 608 532 populi
638 480 801 519 Romani
831 479 968 520 laetam
997 485 1063 519 aut
1091 480 1332 519 incruentam
1362 479 1561 519 victoriam

144 537 308 588 adeptus
330 542 423 576 erat.
466 549 554 576 nam
576 536 883 576 strenuissumus
905 536 1070 588 quisque
1091 542 1157 575 aut
1178 535 1371 575 occiderat
1391 535 1431 574 in
1445 547 1561 586 proe-

100 594 196 632 elio
217 598 284 632 aut
306 593 471 644 graviter
499 593 719 632 volneratus
750 592 989 632 discesserat.
1030 592 1140 632 multi
1170 598 1320 638 autem,
1352 591 1417 643 qui
1448 604 1468 631 e
1499 603 1562 630 ca-

145 649 236 689 stris
256 649 409 688 visundi
430 655 496 689 aut
515 648 706 701 spoliandi
729 648 848 699 gratia
869 654 1160 700 processerant,
1183 648 1377 687 volventes
1406 647 1561 686 hostilia

143 705 324 745 cadavera
372 705 538 744 anficunl
580 705 642 744 ahi
675 716 767 756 pars
806 705 999 756 hospsseni
1039 711 1103 744 aut
1139 709 1345 755 cognatuni
1389 704 1560 755 reperkk
1593 709 1631 742 10

99 764 120 797 9
143 761 256 810 bant3
286 762 394 801 suere
424 761 514 800 item
546 761 612 813 qui
642 761 820 800 inimicos
842 773 935 800 suos
957 766 1252 811 cognoscerent.
1293 760 1342 799 ita
1369 759 1470 798 varie
1493 771 1563 810 per

143 830 297 857 omnem
334 818 544 858 exercitum
581 817 722 857 laetitia
758 829 911 856 maeror
945 817 1074 856 luctus
1113 823 1227 868 atque
1269 815 1403 867 gaudia
1443 815 1563 866 agita·

142 875 296 914 bantur.

235 988 247 1018 1
276 984 506 1027 conciderant]
533 995 578 1016 ea·
595 983 763 1016 Sallustio
784 982 970 1016 Charisz'su
991 982 1109 1025 p.1··9
1134 982 1319 1014 Diomedes
1337 992 1372 1024 p.
1387 981 1455 1014 ‚233
1480 982 1564 1013 haec

141 1032 269 1062 hahent
292 1030 353 1062 alis
378 1029 459 1063 alibi
484 1033 612 1062 stantes
639 1029 832 1062 ceciderunt
859 1028 918 1061 sed
936 1038 1051 1061 omnes
1072 1031 1180 1060 tamen
1199 1026 1320 1059 aduols
1308 1026 1350 1058 is
1336 1025 1562 1059 -uolneribus

141 1075 357 1108 concidemnt
374 1074 605 1116 (conciderunt
623 1084 688 1106 om.
707 1077 875 1116 excerpta
889 1072 1104 1109 Bobiensia).
1121 1072 1181 1104 stc]
1199 1082 1318 1104 1···e7eol
1336 1082 1378 1103 ne
1392 1083 1436 1104 er
1451 1072 1563 1103 verbvs

140 1131 167 1153 c.
189 1120 246 1162 60,
265 1122 286 1154 5
313 1121 398 1153 haec
424 1120 577 1159 conflata
602 1121 673 1151 sint
691 1118 738 1162 115
765 1119 856 1151 iuxta
885 1129 947 1150 om.
971 1117 1024 1159 ΡΙΙ
1044 1118 1062 1149 S
1088 1117 1144 1159 qui
1171 1127 1187 1149 e.
1213 1128 1257 1149 erc
1282 1125 1366 1158 quae
1389 1115 1443 1160 ΡΙΙ
1462 1118 1501 1150 13
1527 1115 1560 1148 C.

141 1164 359 1198 SALLVSTH
384 1164 541 1206 CRISPI
574 1163 744 1196 BELLVM
771 1162 965 1211 CAT1L1N13
991 1161 1182 1194 EXPLICIT
1213 1160 1365 1194 INCIPIT
1392 1159 1561 1193 BELLVM

140 1209 375 1243 IVGVRTHIN
427 1208 615 1242 FALSO—
625 1208 767 1242 GENVS
793 1210 824 1241 P
