1709 2885
481 81 535 116 DE
561 80 879 114 CONIURATIONE
904 46 1134 115 CATILINAE'
1466 79 1515 117 11

98 186 216 225 tionis
236 185 388 225 docere.
429 185 496 224 ubi
517 186 608 224 satis
625 184 821 236 explorata
840 190 934 224 sunt
954 196 1052 235 quae
1071 183 1207 233 voluit,
1227 184 1267 223 in
1289 195 1412 223 unum
1435 197 1518 223 om·
1541 192 1562 224 2

99 243 162 281 nis
183 248 370 281 convocat
390 241 532 293 quibus
561 253 737 280 maxuma
766 240 1011 280 necessitudo
1034 246 1072 279 et
1090 239 1317 291 plurumum
1338 240 1518 280 audaciae

99 298 235 337 inerat.
278 310 323 336 eo
346 310 563 337 convenere
583 297 767 336 senatorii
788 296 936 336 ordinis
955 295 996 334 P.
1018 295 1211 335 Lentulus
1232 296 1352 344 Sura,
1372 296 1415 335 P.
1439 298 1518 336 Au-
1542 304 1561 337 3

98 353 273 402 tronius,
302 354 346 394 L.
378 354 531 394 Cassius
560 353 785 403 Longinus,
820 353 860 392 C.
898 353 1112 403 Cethegus,
1134 352 1176 391 P.
1210 358 1247 391 et
1275 353 1359 391 Ser.
1390 353 1520 393 Sullae

49 419 68 451 5
98 410 180 449 Ser.
195 409 276 459 filii,
298 409 342 449 L.
360 410 631 461 Vargunteius,
654 408 697 454 Q.
715 409 882 458 Annius,
904 409 953 448 M.
975 408 1138 447 Porcius
1159 408 1294 456 Laeca,
1313 408 1354 447 L.
1377 408 1517 458 Bestia,

97 466 141 512 Q.
174 466 333 515 Curius;
371 473 569 518 praeterea
608 478 654 504 ex
682 465 851 516 equestri
891 464 1027 504 ordine
1064 464 1114 503 M.
1144 463 1302 504 Fulvius
1330 465 1517 514 Nobilior,
1541 473 1562 506 4

94 521 138 560 L.
169 522 354 571 Statilius,
384 522 427 561 P.
451 521 636 561 Gabinius
668 519 814 572 Capito,
845 520 884 562 C.
917 520 1142 568 Cornelius3
1165 521 1210 560 ad
1241 522 1316 560 hoc
1337 521 1448 560 multi
1470 534 1516 560 ex

95 578 258 617 coloniis
293 585 330 618 et
349 578 593 629 municipiis,
616 578 719 616 domi
741 577 903 616 nobiles.
944 583 1055 616 erant
1083 583 1281 629 praeterea
1305 577 1517 629 conplures
1540 586 1560 618 5

94 634 210 685 paulo
241 635 431 674 occultius
460 634 597 673 consili
630 634 794 673 huiusce
822 633 1032 686 participes
1063 634 1234 681 nobiles,
1264 646 1363 684 quos
1393 634 1517 684 magis

27 699 66 732 10
95 690 368 730 dominationis
406 703 496 741 spes
523 689 748 729 hortabatur
770 702 884 741 quam
914 690 1045 742 inopia
1067 696 1132 729 aut
1161 690 1232 728 alia
1254 690 1515 729 necessitudo.

94 752 268 786 ceterum
289 747 469 786 iuventus
490 747 695 798 pleraque,
718 747 785 785 sed
815 758 992 785 maxume
1013 746 1227 794 nobilium,
1247 746 1432 785 Catilinae
1453 747 1515 786 in·
1539 755 1559 787 6

94 803 216 853 ceptis
244 803 414 854 favebat,
443 803 585 853 quibus
616 803 656 841 in
688 804 766 841 otio
796 802 856 841 vel
886 803 1088 853 magnifice
1110 803 1169 842 vel
1198 802 1367 841 molliter
1386 802 1514 841 vivere

92 859 204 909 copia
236 864 334 908 erat,
364 860 511 898 incerta
547 871 620 910 pro
650 860 786 906 certis,
825 858 970 897 bellum
1002 871 1116 910 quam
1146 871 1281 910 pacem
1309 858 1515 898 malebant.

92 915 200 953 fuere
230 915 319 954 item
359 927 402 954 ea
430 921 658 966 tempestate
687 915 754 966 qui
792 915 996 954 crederent
1026 915 1076 954 M.
1106 915 1301 954 Licinium
1334 915 1515 954 Crassum
1540 925 1560 956 7

26 978 64 1011 15
94 983 172 1009 non
194 971 374 1020 ignarum
403 972 486 1011 eius
509 971 646 1010 consili
676 971 815 1011 fuisse:
840 971 930 1022 quia
952 971 1020 1011 Cn.
1043 971 1253 1023 Pompeius
1274 971 1421 1010 invisus
1442 971 1518 1022 ipsi

91 1038 274 1077 magnum
298 1027 509 1067 exercitum
531 1027 729 1075 ductabat,
752 1027 922 1067 cuiusvis
953 1040 1047 1079 opes
1068 1028 1236 1067 voluisse
1257 1034 1392 1067 contra
1413 1028 1517 1066 illius

89 1083 302 1133 potentiam
323 1096 511 1131 crescere,
534 1084 650 1122 simul
672 1085 874 1131 confisum,
897 1084 929 1122 si
952 1084 1169 1123 coniuratio
1190 1084 1383 1132 valuisset,
1404 1083 1517 1124 facile

90 1140 192 1190 apud
212 1140 299 1178 illos
319 1140 538 1192 principem
558 1153 598 1179 se
618 1141 715 1179 fore.

203 1196 278 1234 Sed
317 1202 428 1234 antea
457 1197 547 1235 item
577 1196 828 1236 coniuravere
867 1196 982 1248 pauci
1025 1201 1160 1235 contra
1190 1209 1273 1235 rem
1303 1196 1515 1248 publicam,
1540 1203 1587 1239 18

22 1257 63 1292 20
92 1250 131 1289 in
164 1252 251 1302 quis
289 1250 450 1291 Catilina
479 1253 571 1299 fuit;
607 1253 653 1291 de
691 1265 767 1303 qua
805 1265 920 1304 quam
957 1253 1170 1292 verissume
1206 1259 1344 1304 potero
1376 1253 1513 1292 dicam.
1539 1262 1559 1294 2

90 1307 133 1345 L.
164 1308 277 1346 Tullo
309 1315 345 1348 et
365 1308 428 1347 Μ’.
457 1308 603 1360 Lepido
634 1308 860 1348 consulibus
889 1308 932 1347 Ρ.
955 1308 1169 1347 Autronius
1199 1316 1236 1348 et
1256 1309 1298 1347 Ρ.
1321 1309 1427 1349 Sulla
1449 1309 1516 1349 de-

90 1364 230 1412 signati
273 1364 452 1404 consules
491 1364 641 1415 legibus
668 1365 835 1404 ambitus
873 1365 1099 1414 interrogati
1139 1377 1287 1415 poenas
1317 1365 1516 1405 dederant.

90 1425 179 1470 post
212 1420 326 1471 paulo
359 1420 520 1459 Catilina
548 1421 805 1471 pecuniarum
842 1421 1148 1471 repetundarum
1183 1433 1274 1459 reus
1295 1421 1516 1472 prohibitus
1541 1431 1561 1462 3

92 1481 172 1514 erat
203 1477 447 1516 consulatum
478 1483 630 1527 petere,
654 1477 756 1527 quod
788 1477 889 1515 intra
918 1477 1124 1527 legitumos
1150 1476 1231 1515 dies
1251 1477 1425 1528 profiteri
1446 1490 1517 1516 ne-

23 1539 62 1573 25
91 1532 266 1582 quiverit.
309 1538 390 1571 erat
410 1533 545 1571 eodem
566 1539 741 1583 tempore
763 1532 832 1571 Cn.
862 1533 952 1571 Piso
966 1563 975 1580 ,
997 1532 1226 1571 adulescens
1247 1533 1390 1572 nobilis
1410 1545 1518 1572 sum·
1541 1543 1561 1574 4

89 1600 174 1628 mae
194 1589 394 1636 audaciae,
418 1601 536 1640 egens
565 1589 770 1635 factiosus,
794 1601 911 1639 quem
939 1589 985 1627 ad
1006 1589 1308 1640 perturbandam
1329 1601 1412 1628 rem
1441 1602 1517 1641 pu—

89 1644 228 1683 blicam
257 1646 390 1696 inopia
419 1653 534 1696 atque
564 1645 653 1683 mali
680 1657 809 1684 mores
838 1645 1099 1684 stimulabant.
1141 1657 1229 1684 cum
1258 1646 1333 1684 hoc
1355 1644 1516 1685 Catilina
1540 1655 1559 1687 5

90 1706 128 1740 et
156 1702 370 1740 Autronius
401 1701 555 1740 circiter
585 1714 708 1740 nonas
736 1701 961 1740 Decembris
992 1701 1154 1740 consilio
1179 1702 1424 1742 comunicato
1445 1715 1515 1753 pa-

88 1756 225 1796 rabant
244 1758 284 1796 in
303 1756 490 1809 Capitolio
513 1757 688 1796 kalendis
708 1757 897 1796 Ianuariis
914 1757 956 1795 L.
981 1756 1127 1796 Cottam
1149 1763 1186 1797 et
1206 1757 1248 1796 L.
1271 1758 1515 1808 Torquatum

21 1820 60 1854 30
89 1814 270 1852 consules
291 1814 523 1861 interficere,
539 1815 614 1864 ipsi
636 1813 805 1852 fascibus
825 1813 1014 1864 correptis
1030 1813 1213 1853 Pisonem
1236 1826 1324 1852 cum
1340 1815 1513 1854 exercitu

86 1869 134 1908 ad
163 1870 394 1920 optinendas
424 1870 517 1908 duas
549 1869 754 1920 Hispanias
784 1869 948 1908 mittere.
983 1882 1025 1908 ea
1056 1882 1097 1908 re
1128 1870 1284 1921 cognita
1313 1882 1449 1909 rursus
1470 1871 1511 1909 in
1535 1879 1556 1911 6

88 1937 212 1963 nonas
241 1925 470 1964 Februarias
500 1927 705 1964 consilium
735 1925 862 1964 caedis
890 1926 1182 1965 transtulerant.
1223 1926 1297 1965 iam
1325 1932 1406 1964 tum
1430 1939 1510 1966 non
1534 1937 1553 1968 τ

88 1980 316 2020 consulibus
344 1981 459 2019 modo
491 1982 556 2019 sed
577 1981 775 2032 plerisque
805 1982 1051 2021 senatoribus
1079 1982 1293 2033 perniciem
1315 1983 1513 2022 machina-

87 2036 242 2076 bantur.
284 2037 430 2088 quodni
447 2036 607 2076 Catilina
627 2044 857 2077 maturasset
877 2051 947 2089 pro
966 2038 1072 2077 curia
1092 2039 1248 2089 signum
1270 2039 1386 2078 sociis
1408 2040 1511 2087 dare,
1535 2048 1555 2082 8

19 2098 59 2132 35
89 2105 133 2132 eo
155 2093 215 2132 die
236 2099 325 2144 post
346 2094 538 2132 conditam
559 2093 695 2133 urbem
716 2094 876 2134 Romam
898 2106 1124 2146 pessumum
1147 2096 1298 2134 facinus
1319 2101 1514 2146 patratum

176 2194 195 2225 2
220 2193 399 2236 plurimum
427 2192 461 2227 C.
485 2193 627 2235 primum
651 2194 707 2227 PC
722 2193 733 2236 Η
750 2196 768 2226 5
794 2194 887 2227 lecca
911 2194 967 2227 PC
982 2193 994 2237 Η
1015 2197 1054 2228 10
1081 2194 1146 2227 alia
1171 2194 1234 2235 PC,
1261 2195 1374 2238 aliqua
1393 2195 1420 2228 C
1437 2194 1448 2237 [Ι
1468 2197 1507 2228 13

83 2237 147 2270 erit
165 2238 217 2279 ΡΙΙ
237 2239 279 2270 20
298 2238 373 2281 quis
390 2238 548 2270 Diomed.
561 2249 597 2280 p.
616 2238 691 2274 445,
718 2239 841 2282 quibus
858 2240 914 2272 PC
930 2238 941 2282 ΙΙ
959 2249 1023 2282 qua
1039 2239 1103 2279 PC,
1121 2240 1249 2281 Βίωνι,
1264 2250 1331 2283 quo
1349 2240 1423 2272 edd.
1442 2243 1506 2273 vet.

84 2280 98 2326 ss
120 2283 319 2316 breuissime
343 2283 457 2315 Diom.
476 2282 486 2324 {i
507 2285 547 2316 21
573 2283 593 2316 l.
621 2283 705 2317 tullo
730 2284 793 2325 PC,
819 2283 840 2316 l.
866 2284 961 2317 tullio
990 2283 1040 2327 ΟΙΙ
1059 2286 1110 2317 m'.
1136 2285 1247 2327 lepido
1272 2296 1302 2326 z,
1327 2295 1369 2317 m.
1395 2284 1508 2328 lepido

88 2327 146 2360 PC
161 2326 174 2370 ΙΙ
191 2329 232 2360 23
257 2328 463 2370 peculim-um
481 2329 709 2370 (pecuniarum
724 2330 760 2371 p)
784 2329 1045 2372 repetundarum
1060 2343 1120 2359 *Η
1138 2333 1223 2369 (rum
1237 2332 1338 2363 eras.)
1355 2340 1432 2362 reus
1458 2329 1511 2372 ΡΙΙ

85 2374 130 2405 24
153 2372 343 2415 nequiuerit
367 2373 424 2405 PC
446 2376 602 2414 (praeter
625 2373 813 2406 deteriores
837 2374 973 2416 aliquot
1004 2376 1042 2405 in
1068 2377 1193 2416 quibus
1229 2376 1448 2418 nequiuerat,
1471 2378 1515 2407 ut

82 2419 128 2450 cin
145 2420 180 2458 z)
205 2421 318 2450 reete:
341 2428 371 2450 v.
388 2417 579 2450 Mommsen
597 2418 743 2452 Staatsr.
758 2421 789 2460 1,
806 2419 872 2451 411
887 2432 898 2459 ,·
923 2419 1013 2462 quod
1025 2438 1039 2442 -
1051 2420 1240 2463 nequiuerit
1259 2420 1322 2452 del.
1340 2420 1484 2452 Dz'etselz
1500 2420 1512 2463 Ιὶ

89 2463 132 2496 25
158 2462 281 2495 nobilis
306 2473 454 2495 summae
481 2463 523 2501 C,
552 2463 780 2497 nobilissimae
804 2464 874 2504 PC,
901 2464 1141 2498 nobilissumae
1160 2476 1186 2507 p
1204 2465 1214 2507 Η
1235 2467 1276 2498 26
1302 2465 1511 2499 facti**osus

86 2506 134 2548 (di
165 2508 266 2546 ηας.)
292 2508 344 2550 ΡΗ
364 2510 405 2541 28
431 2507 626 2541 decembras
649 2509 679 2541 P
697 2508 710 2551 ΙΙ
730 2511 768 2543 31
797 2508 838 2541 ad
871 2519 937 2541 om.
959 2510 995 2551 P,
1027 2520 1052 2542 s,
1077 2521 1102 2543 s.
1122 2521 1156 2553 p.
1177 2510 1188 2553 ss
1205 2510 1338 2542 mittere
1372 2511 1507 2553 cognita

86 2552 124 2593 P,
149 2562 188 2585 ea
211 2562 246 2585 re
269 2563 294 2585 s.
311 2563 337 2585 S.
354 2563 376 2595 p
397 2551 408 2596 ss
426 2554 466 2586 32
495 2556 572 2586 tunc
596 2554 627 2585 P
643 2552 655 2597 li
675 2555 716 2587 35
741 2554 885 2597 pessima
909 2555 939 2586 P
