1709 2885
635 66 792 100 ORATIO
818 66 951 103 LEPlDl
1426 65 1504 104 113

33 160 41 164 “
92 168 165 208 hus
186 169 366 220 praedam
390 181 486 208 esse.
528 170 618 207 satis
639 169 701 208 illa
723 169 880 211 fuerint,
903 181 1001 220 quae
1023 168 1127 207 rabie
1150 174 1344 207 contracta
1366 169 1507 207 tolera·
1533 177 1570 207 19

24 681 62 713 10

26 962 62 995 15

24 1242 64 1273 20

26 1521 65 1554 25

27 1803 66 1835 30

91 225 228 272 vimus,
250 237 388 264 manus
410 225 650 264 conserentis
671 226 773 264 inter
794 238 834 264 se
850 225 1046 264 Romanos
1068 225 1257 263 exercitus
1280 231 1316 263 et
1337 237 1438 263 arma
1462 224 1507 263 ab

92 281 261 320 externis
291 282 329 319 in
361 289 513 320 nosmet
542 294 662 320 vorsa.
704 281 893 320 scelerum
926 288 961 320 et
990 281 1311 319 contumeliarum
1335 281 1508 319 omnium

90 336 178 375 finis
207 337 267 375 sit.
299 350 466 388 quorum
496 337 589 376 adeo
611 337 756 376 Sullam
785 350 864 376 non
895 337 1087 389 paenitet,
1124 343 1165 375 ut
1187 344 1222 375 et
1244 337 1340 375 facta
1363 337 1400 375 in
1426 337 1507 387 glo-

92 394 146 432 ria
168 400 346 432 numeret
366 400 421 445 et,
444 395 475 433 si
496 394 628 441 liceat,
650 394 795 433 avidius
816 393 963 432 fecerit.
1531 400 1570 431 20

203 448 337 501 Neque
369 450 442 489 iam
478 450 569 501 quid
600 450 839 488 existumetis
862 450 906 488 de
928 449 1015 496 illo,
1038 449 1102 488 sed
1126 456 1315 499 (plantum
1338 449 1510 488 audeatis

90 518 238 551 vereor,
261 519 309 544 ne
331 505 428 545 alius
449 506 564 545 alium
590 506 808 557 principem
824 511 1069 557 expectantes
1085 512 1172 543 ante
1191 505 1408 556 capiamini,
1427 518 1506 544 non

91 561 232 613 opibus
254 562 356 610 eius,
380 575 477 613 quae
498 563 628 602 futiles
649 568 686 601 et
707 569 919 612 conruptae
943 568 1045 604 sunt,
1069 561 1135 600 sed
1160 570 1287 601 vostra
1317 562 1507 610 socordia,
1532 568 1568 600 21

92 631 166 669 qua
195 624 347 669 raptum
379 619 434 657 ire
455 619 542 658 licet
566 624 622 666 et,
647 630 760 669 quam
782 618 942 663 audeas,
964 625 1040 656 tam
1070 617 1188 656 videri
1209 618 1374 657 felicem.
1419 630 1506 657 nam

91 680 245 726 praeter
278 675 458 713 satellites
493 674 779 713 conmaculatos
818 675 903 724 quis
940 674 1068 713 eadem
1106 674 1182 713 volt
1211 680 1277 712 aut
1307 675 1394 724 quis
1428 687 1507 712 non

94 730 221 768 omnia
243 736 385 769 mutata
406 737 559 781 praeter
578 729 792 769 victorem?
815 730 961 769 scilicet
982 730 1135 777 milites,
1159 742 1326 781 quorum
1348 730 1508 781 sangui-

91 799 140 825 ne
162 785 324 825 Tarulae
347 787 571 838 Scirtoque‚
593 787 786 838 pessumis
807 799 1027 831 servorum,
1062 786 1210 825 divitiae
1240 793 1371 837 partae
1401 793 1506 825 sunt.

91 855 138 881 an
161 842 304 892 quibus
324 843 516 893 praelatus
538 842 576 881 in
608 842 895 893 magistratibus
926 842 1128 893 capiundis
1150 842 1323 881 Fufidius
1338 874 1346 889 ,
1369 843 1507 882 ancilla
1531 849 1571 880 22

91 898 230 949 turpis,
262 899 456 937 honorum
489 900 661 937 omnium
692 897 1109 938 dehonestamentum?
1141 899 1270 949 itaque
1290 911 1505 938 maxumam

91 954 185 992 mihi
205 955 384 993 fiduciam
405 956 505 1006 parit
525 956 647 994 vietor
668 956 859 994 exercitus
873 986 882 1000 ,
906 956 968 994 cui
989 967 1060 1006 per
1080 961 1136 994 tot
1159 956 1314 994 volnera
1338 961 1371 994 et
1402 955 1508 993 labo·
1533 962 1571 992 23

91 1022 153 1049 res
176 1010 272 1049 nihil
292 1017 445 1062 praeter
470 1019 676 1062 tyrannum
699 1012 913 1063 quaesitum
937 1017 1004 1049 est.
1047 1011 1121 1049 nisi
1142 1011 1241 1050 forte
1262 1011 1509 1050 tribuniciam

91 1072 316 1118 potestatem
340 1080 517 1106 evorsum
539 1067 703 1118 profecti
724 1074 813 1107 sunt
836 1080 905 1118 per
936 1079 1039 1106 arma
1053 1098 1062 1114 ,
1092 1067 1285 1106 conditam
1306 1080 1325 1106 a
1353 1067 1509 1106 maiori-

90 1122 165 1162 bus
186 1123 279 1169 snis,
303 1124 436 1174 utique
457 1124 541 1163 iura
563 1131 600 1162 et
618 1124 757 1162 iudicia
775 1124 926 1162 sibimet
943 1130 1240 1174 ex101'queren13
1264 1125 1417 1174 egregia
1434 1124 1509 1162 sci-

92 1178 182 1217 licet
202 1180 394 1224 mercede,
418 1192 505 1218 cum
527 1180 684 1230 relegati
706 1181 743 1218 in
767 1180 926 1231 paludes
949 1186 985 1218 et
1006 1179 1118 1218 silvas
1148 1180 1423 1219 contumeliam
1453 1187 1509 1218 at·
1534 1186 1573 1218 24

93 1247 168 1285 que
190 1236 371 1274 invidiam
394 1249 523 1283 suam,
549 1237 716 1288 praemia
749 1249 869 1287 penes
899 1249 1044 1287 paucos
1075 1236 1349 1287 intellegerint.
1392 1249 1510 1287 quare

93 1291 212 1341 igitur
233 1297 338 1330 tanto
362 1293 513 1341 agmine
536 1300 650 1344 atque
667 1293 805 1331 animis
825 1292 967 1331 incedit
980 1291 998 1330 ’ἲ
1022 1292 1109 1343 quia
1127 1293 1320 1331 secundae
1337 1305 1398 1331 res
1414 1293 1510 1332 mire

93 1353 186 1386 sunt
214 1348 313 1386 vitiis
344 1349 542 1399 optentui,
579 1348 719 1400 quibus
750 1349 945 1387 labefactis
972 1361 1083 1399 quain
1106 1348 1336 1386 formidatus
1358 1355 1415 1387 est
1435 1356 1511 1387 tam

94 1409 378 1443 contemnetur.
421 1405 495 1443 nisi
510 1405 609 1444 forte
626 1405 754 1456 specie
772 1405 1002 1443 concordiae
1021 1411 1056 1443 et
1072 1404 1191 1455 pacis,
1208 1416 1305 1455 quae
1324 1405 1459 1443 sceleri
1478 1412 1514 1443 et

94 1460 301 1511 par11c1d10
323 1473 394 1499 suo
416 1462 571 1500 nomina
594 1461 743 1499 indidit.
785 1473 912 1522 neque
930 1461 1040 1499 aliter
1060 1473 1140 1499 rem
1160 1461 1353 1522 publicam
1370 1468 1406 1500 et
1422 1461 1512 1500 belli

94 1517 212 1555 finem
233 1517 306 1564 ait,
330 1517 402 1555 nisi
424 1524 575 1556 maneat
597 1518 754 1568 expulsa
776 1518 878 1567 agiis
899 1517 1053 1567 plebes,
1083 1517 1223 1567 piaeda
1255 1517 1374 1555 civilis
1404 1530 1512 1556 acer-

93 1572 276 1620 bissuma,
307 1573 366 1612 ius
396 1573 659 1635 iudiciumque
682 1574 857 1611 omnium
877 1585 1008 1611 rerum
1030 1585 1151 1623 penes
1172 1585 1226 1620 se,
1250 1574 1353 1623 quod
1374 1573 1510 1625 populi
1535 1580 1573 1611 25

94 1628 258 1668 Romani
279 1629 363 1668 fuit.
406 1642 502 1680 quae
533 1630 563 1668 si
595 1629 702 1668 vobis
724 1642 796 1680 pax
818 1636 854 1667 et
875 1629 1075 1680 conposita
1104 1629 1407 1679 intelleguntur
1430 1643 1510 1668 ma-

92 1697 205 1724 xuma
226 1685 468 1724 turbamenta
491 1686 546 1724 rei
569 1685 746 1736 publicae
768 1692 884 1735 atque
912 1686 1023 1724 exitia
1041 1685 1214 1736 probate,
1240 1686 1397 1725 adnuite
1416 1686 1513 1737 legi-

93 1741 168 1780 bus
197 1741 399 1793 inpositis,
431 1742 594 1793 accipite
624 1741 746 1780 otium
775 1754 862 1779 cum
885 1742 1041 1780 servitio
1074 1748 1112 1779 et
1132 1740 1269 1780 tradite
1292 1742 1511 1793 exemplum

95 1798 261 1848 posteris
290 1799 336 1836 ad
365 1810 447 1836 rem
478 1798 671 1849 publicam
701 1797 843 1836 suimet
870 1797 1071 1847 sanguinis
1100 1798 1276 1836 mercede
1298 1798 1512 1837 circumve·
1535 1803 1574 1835 26

93 1853 292 1893 niundam.
338 1854 431 1891 mihi
468 1866 701 1904 quamquam
734 1866 804 1905 per
837 1853 911 1892 hoc
946 1865 1139 1892 summum
1176 1853 1384 1904 imperium
1420 1854 1511 1892 satis

96 1910 312 1961 quaesitum
346 1915 427 1948 erat
447 1910 597 1948 nomini
625 1909 814 1948 maiorum
836 1909 1031 1960 dignitatis
1055 1915 1170 1960 atque
1193 1909 1305 1948 etiam
1330 1911 1511 1961 praesidi,

94 1972 222 2005 tamen
245 1978 324 2004 non
347 1965 419 2004 fuit
440 1966 647 2004 consilium
668 1966 834 2017 privatas
856 1978 950 2017 opes
972 1966 1111 2013 facere,
1133 1966 1342 2017 potiorque
1358 1967 1436 2005 visa
1454 1975 1513 2007 est
1535 1972 1572 2004 27

94 2021 312 2073 periculosa
334 2021 490 2060 libertas
512 2022 642 2073 quieto
664 2022 832 2061 servitio.
874 2035 970 2073 quae
993 2022 1024 2060 si
1046 2021 1231 2073 probatis,
1255 2023 1397 2069 adeste,
1416 2023 1511 2068 Qui·

95 2078 207 2126 rites,
245 2083 281 2117 et
317 2078 415 2116 bene
445 2078 665 2117 iuvantibus
693 2078 788 2117 divis
817 2078 864 2117 Μ,
898 2078 1101 2116 Aemilium
1138 2079 1338 2117 consulem
1374 2079 1511 2118 ducem

97 2140 135 2173 et
155 2140 353 2173 auctorem
375 2134 583 2185 sequimini
605 2134 649 2173 ad
671 2135 938 2186 recipiundam
959 2133 1187 2173 libertatem.

183 2224 202 2256 9
228 2232 294 2265 qua
317 2226 449 2265 raptum
474 2222 520 2254 ire
544 2222 623 2255 licet
648 2223 762 2255 Madv.
784 2223 871 2255 Ado.
894 2223 926 2263 2,
944 2222 1010 2255 293
1035 2223 1144 2261 (idem
1169 2234 1231 2265 ego
1258 2225 1513 2264 conicum-am).-

94 2277 194 2310 quam
219 2271 350 2310 raptum
376 2267 414 2299 iri
439 2267 517 2299 licet
543 2267 588 2303 V:
623 2278 723 2310 quam
755 2274 889 2310 captum
923 2268 969 2300 ire
999 2267 1077 2301 licet
1107 2267 1245 2300 Cortius
1261 2267 1272 2311 Η
1293 2267 1415 2301 audeas
1444 2273 1512 2301 tam

95 2313 176 2353 (sic)
196 2312 246 2345 V:
271 2311 392 2344 audeat
418 2316 486 2344 tam
503 2323 533 2352 z,
559 2312 696 2345 Gor-tius
714 2311 725 2356 Η
746 2315 783 2346 11
810 2313 974 2345 uictorem
994 2312 1100 2351 Kritz,
1125 2313 1300 2346 uictoriam
1319 2312 1377 2355 Vll
1400 2315 1438 2346 12
1464 2317 1514 2346 ta-

92 2357 185 2390 rulae
209 2357 378 2399 scirtoque
405 2358 486 2397 (sio)
506 2357 554 2389 V.-
579 2356 706 2390 Scirtus
732 2368 923 2399 cognomen
950 2361 1091 2389 tuentur·
1117 2359 1212 2390 tituli
1235 2359 1339 2390 Henz.
1359 2358 1447 2391 7419
1465 2359 1510 2399 άβ

93 2418 138 2430 --
156 2401 189 2435 G.
207 2402 232 2435 I.
246 2402 286 2434 L.
306 2403 322 2434 1
344 2413 377 2443 p.
396 2403 460 2434 475
486 2405 519 2433 et
543 2401 575 2435 C.
599 2403 623 2435 I.
646 2402 684 2435 L.
705 2405 738 2443 5,
754 2406 782 2443 1,
796 2402 901 2435 2887:
930 2402 973 2441 cf.
1004 2402 1137 2436 Teren.
1159 2404 1237 2436 Hec.
1256 2403 1301 2436 88
1317 2404 1327 2445 Η
1348 2405 1390 2436 20
1414 2403 1515 2436 intel-

94 2446 236 2489 legerint
260 2446 409 2479 Get-lach
433 2449 548 2478 neseio
573 2448 686 2479 unde.-
718 2458 799 2479 nam
829 2450 865 2479 in
895 2447 998 2479 Vest
1027 2448 1260 2490 intellegerent
1288 2447 1300 2490 Η
1327 2449 1363 2480 21
1394 2458 1514 2481 secun-

96 2491 157 2524 dae
182 2502 234 2525 res
251 2491 288 2524 l
306 2493 478 2534 Porpltyz.
506 2502 541 2523 m
559 2492 641 2524 Hor.
659 2493 723 2534 Ep.
742 2494 769 2533 I,
786 2492 838 2526 18
850 2492 905 2532 29,
929 2502 982 2524 res
1007 2493 1172 2526 secundae
1199 2493 1329 2525 Seneca
1349 2492 1510 2527 Controv.

93 2536 124 2578 9,
149 2536 304 2579 .‘24t‚13’1⁴¹
324 2538 362 2569 27
391 2537 576 2579 composita
603 2537 644 2577 V,
677 2537 854 2570 concordia
884 2517 1083 2580 'qldusflffz
1114 2537 1508 2580 dignitatis—praesidii

162 2597 327 2624 Sallustius.
365 2596 415 2623 Ed.
437 2596 471 2623 11.
1226 2596 1244 2627 8
