1709 2885
474 91 717 126 PRAEFATIO
743 91 953 126 EDITIONIS
978 91 1210 125 SECUNDAE.
1521 102 1555 124 lx

138 195 393 235 collocatione
431 194 638 234 verborum
677 194 948 257 similibusque
988 199 1190 245 suspectae
1228 193 1317 232 fidei
1347 193 1455 232 testis
1488 193 1557 232 ha-

136 251 289 291 bendus
319 252 382 299 sit,
413 252 480 290 sed
510 251 557 289 de
587 250 810 301 gravissima
842 262 997 312 quaque
1028 250 1300 300 discrepantia.
1362 262 1445 316 ea4m
1467 262 1558 288 sen-

138 308 310 355 tentiam,
341 320 456 359 quam
485 306 636 369 primus
668 318 738 356 ego
770 307 982 357 proposui,
1014 313 1080 345 aut
1108 306 1348 345 abiciendam
1379 318 1464 345 esse
1494 312 1560 344 aut

136 364 188 402 ita
220 364 509 410 immutandam,
538 363 599 401 vix
629 369 673 401 ut
704 362 911 413 quicquam
942 374 1115 401 summae
1136 362 1192 400 rei
1215 362 1399 413 supersit,
1431 374 1560 413 nupei

137 420 215 459 acri
237 421 490 459 contentione
521 419 699 458 evincere
724 419 961 458 studuerunt
979 418 1025 455 W
1029 418 1236 457 einholdus
1255 418 1439 457 Dieckius
1460 419 1559 457 Boe-

137 476 219 515 sius
249 475 585 515 dissertationibus
615 475 844 514 academicis
874 474 1069 526 Lipsiensi
1101 473 1255 513 lenensi
1288 474 1556 525 Gottingensi:

137 532 280 582 quibus
309 530 587 584 scriptionibus
618 531 787 580 ingenue
815 537 855 570 ut
886 531 1007 570 fatear
1034 543 1199 582 prorsus
1226 531 1378 569 nullum
1404 536 1481 578 aut,
1509 543 1559 569 ne

135 588 310 635 Dieckio,
343 589 410 640 qui
431 588 545 639 paulo
567 587 802 638 prudentius
823 587 961 626 ceteris
992 599 1073 626 rem
1097 587 1187 637 egit,
1219 587 1385 626 debitam
1405 587 1560 626 laudem

137 645 376 695 surripuisse
405 644 554 691 videar,
596 643 851 694 perexiguum
883 644 1051 682 fructum
1084 644 1130 682 ad
1162 656 1244 682 rem
1275 643 1560 682 diiudicandam

137 706 271 739 natum
294 713 378 739 esse
400 700 590 739 existimo.
650 699 797 738 scilicet
827 700 893 750 qui
916 700 1113 750 negaverit
1133 699 1197 738 illa
1218 699 1389 738 Vaticani
1415 699 1560 738 codicis

137 757 225 796 haec
254 769 346 808 qnae
374 756 492 795 scribo
516 755 615 806 (lug.
637 757 703 801 24,
726 757 765 804 9)
791 767 854 794 vos
885 764 1032 795 oratiam
1056 756 1122 805 (ib.
1150 759 1185 803 l)
1216 752 1399 795 incertum
1421 763 1471 795 est
1493 755 1559 804 (ib.

139 815 177 859 3)
200 816 320 852 vostri
344 812 400 861 (C.
425 813 491 859 33,
516 813 556 859 2)
589 811 819 863 similiaque,
853 824 872 850 e
904 812 1047 862 quibus
1078 813 1183 863 quod
1213 812 1340 863 primo
1372 813 1457 851 loco
1489 824 1561 863 po-

137 869 198 907 sui
228 881 277 907 ne
298 869 472 920 potuisse
495 868 651 919 quidem
673 881 692 906 a
714 867 895 907 Sallustio
918 868 1035 907 scribi
1066 869 1293 920 propediem
1318 869 1561 907 demonstra-

135 925 242 964 bitur
262 924 415 963 conlato
437 924 617 963 Tulliano
641 936 728 971 usu,
761 924 822 962 illa
852 924 970 974 igitur
995 925 1063 976 qui
1093 925 1290 975 negaverit
1311 937 1394 963 esse
1428 937 1560 963 emen-

137 981 280 1020 datoris
309 981 408 1019 male
429 980 539 1019 scioli
564 981 911 1031 grammaticesque
941 981 1213 1032 intempestive
1243 981 1440 1027 memoris,
1472 993 1561 1019 eum

136 1050 185 1076 ne
208 1037 352 1076 maiore
381 1037 537 1088 quidem
567 1043 887 1088 argumentorum
918 1037 1116 1076 molimine
1145 1050 1262 1088 posse
1294 1037 1425 1076 doceri
1446 1045 1562 1088 puta-

135 1093 270 1132 verim.
329 1106 349 1132 a
385 1106 461 1144 quo
493 1093 649 1144 incepto
681 1094 755 1131 hoc
783 1094 869 1132 loco
902 1093 1038 1144 utique
1067 1093 1340 1133 abstinendum
1374 1099 1444 1132 est.
1490 1094 1562 1132 ita-

138 1162 214 1200 que
257 1149 349 1189 satis
391 1150 513 1188 habeo
565 1150 705 1188 iterum
749 1150 795 1188 ad
838 1149 1140 1200 Nipperdeii
1194 1150 1562 1189 commentationem

138 1205 298 1255 digitum
320 1205 535 1244 intendisse
558 1206 624 1256 qui
645 1218 859 1256 numquam
880 1218 921 1244 se
942 1206 1053 1245 aliter
1074 1206 1119 1244 de
1141 1205 1239 1244 libro
1262 1206 1444 1245 Vaticano
1471 1218 1562 1244 sen-

138 1262 236 1301 sisse
267 1261 362 1299 dixit
391 1266 506 1312 atque
538 1273 608 1312 ego
641 1262 908 1312 exposuissem
938 1275 1042 1301 anno
1069 1264 1188 1303 1867.
1210 1285 1264 1290 -—
1296 1262 1464 1313 denique
1497 1275 1562 1301 ex-

136 1318 215 1356 titit
251 1318 318 1367 qui
356 1317 402 1356 ab
441 1317 677 1356 imitatorum
718 1318 896 1369 Septimii
930 1324 967 1356 et
1007 1318 1171 1369 Sulpicii
1210 1318 1342 1357 Severi
1386 1319 1563 1358 oratione

138 1373 346 1412 dubiorum
395 1373 567 1412 Sallustii
616 1374 791 1413 locorum
841 1374 1225 1425 interpretationem,
1285 1381 1563 1426 corruptorum

136 1430 323 1469 medelam
363 1429 480 1480 longe
525 1430 731 1468 certiorem
772 1442 886 1481 quam
926 1443 946 1469 a
988 1430 1188 1469 codicibus
1228 1431 1436 1482 petendam
1477 1443 1562 1470 esse

138 1486 383 1525 existimaret.
416 1486 547 1525 sciunt
567 1486 634 1536 qui
661 1484 778 1524 Cortii
801 1487 1101 1525 commentarios
1121 1487 1247 1525 bonae
1279 1487 1401 1537 frugis
1422 1487 1562 1538 plenos

136 1547 425 1593 pertractarunt
455 1554 528 1580 nec
559 1554 703 1580 novum
723 1554 807 1581 esse
827 1542 903 1581 hoc
923 1543 1221 1593 argumentandi
1243 1554 1367 1593 genus
1390 1550 1425 1582 et
1447 1556 1563 1594 quam

137 1598 187 1637 sit
217 1598 502 1649 periculosum;
545 1598 763 1637 concedent
801 1599 914 1637 etiam
955 1611 1083 1650 neque
1115 1597 1289 1638 Cortium
1329 1611 1401 1638 nec
1433 1600 1465 1639 si
1496 1600 1563 1651 qui

137 1654 253 1706 paulo
284 1654 504 1693 accuratius
534 1666 617 1693 rem
647 1655 929 1706 perpenderint
959 1656 1008 1694 ita
1035 1655 1177 1694 abusos
1209 1668 1293 1694 esse
1324 1655 1562 1695 imitatorum

138 1722 319 1750 sermone
350 1717 393 1750 ut
422 1722 550 1762 nuper
579 1711 722 1750 factum
754 1716 812 1749 est
842 1711 888 1749 ab
918 1711 1089 1750 Henrico
1121 1711 1248 1763 Pratje
1279 1712 1562 1752 dissertationis

139 1766 406 1817 Gottingensis
427 1779 460 1805 a
483 1768 588 1807 1874
605 1779 644 1818 p
664 1768 714 1806 59
734 1767 815 1805 (ubi
836 1773 993 1806 auctore
1016 1768 1235 1819 Septimio'
1227 1781 1267 1807 in
1284 1768 1562 1808 Sallustianum

136 1798 296 1862 textum?³
315 1823 410 1876 haec
440 1823 667 1862 inferuntur
696 1823 780 1873 Iug.
804 1825 870 1870 32,
897 1827 913 1863 1
948 1824 1035 1864 haec
1063 1832 1171 1875 atque
1201 1824 1278 1863 alea
1306 1824 1567 1864 hmwuscemoclz

137 1891 245 1930 saepe
276 1891 415 1918 znser
425 1880 538 1918 endo
562 1878 765 1918 Πεηυηηιε
788 1879 929 1931 populo
949 1881 1167 1931 persuadet)
1201 1892 1273 1919 nec
1296 1881 1464 1943 denique
1492 1893 1563 1932 par

139 1940 220 1973 erat
234 1947 366 1972 meum
383 1935 428 1973 de
447 1934 841 1987 codicisPscriptura
858 1936 1083 1975 silentium
1074 1949 1113 1975 111
1131 1949 1176 1976 eo
1192 1937 1280 1975 loco
1296 1937 1430 1976 miraii
1445 1950 1561 1988 quem

138 1991 289 2042 perisse
311 1990 351 2028 in
374 1989 408 2028 P
430 1996 591 2029 testatus
623 2003 726 2030 eram
756 1992 897 2043 pagina
928 1993 1195 2035 antecedente.
1256 2000 1349 2032 sunt
1368 2000 1497 2032 tamen
1525 2000 1562 2033 et

138 2047 179 2085 in
209 2046 269 2085 his
300 2046 472 2085 Sallustii
503 2046 761 2087 imitatoribus
791 2055 828 2087 et
858 2049 898 2087 in
930 2049 1015 2088 aliis
1045 2049 1200 2094 multis,
1231 2049 1337 2088 velut
1371 2050 1412 2088 in
1443 2050 1562 2089 Sexto

138 2102 306 2149 Victore,
338 2115 437 2153 quae
469 2115 548 2141 non
579 2104 664 2143 sine
694 2104 825 2143 fructu
856 2117 972 2156 posse
1004 2106 1049 2144 ad
1079 2106 1392 2157 recuperandum
1413 2112 1561 2146 textum

138 2159 416 2198 Sallustianum
449 2171 536 2198 eum
568 2161 635 2210 qui
666 2159 756 2199 inde
787 2173 806 2199 a
837 2161 962 2200 media
982 2162 1264 2213 imperatorum
1286 2168 1407 2202 aetate
1428 2163 1562 2213 vulga-

135 2215 251 2254 batur
289 2215 463 2254 adhiberi
496 2215 677 2255 editionis
707 2217 864 2256 maioris
904 2219 1173 2258 commentarii
1212 2218 1401 2270 aperient.
1461 2219 1562 2258 banc

137 2277 265 2310 autem
297 2271 564 2322 quaestionem
594 2272 767 2335 pendere
797 2286 817 2312 a
848 2274 947 2313 iusta
986 2275 1299 2314 testimoniorum
1340 2276 1562 2325 grammati-

138 2339 275 2366 corum
301 2327 567 2366 aestimatione
589 2328 709 2368 cuivis
738 2331 951 2382 apparebit
1011 2331 1106 2370 haec
1126 2331 1349 2371 testimonia
1379 2332 1476 2370 scito
1498 2344 1561 2370 me

137 2378 267 2422 denuo
298 2389 554 2434 pertractasse
583 2385 725 2446 omnia,
758 2387 1066 2426 Arusianeorum
1100 2394 1226 2426 autem
1248 2388 1439 2427 lectiones
1471 2387 1560 2426 libri

135 2438 383 2478 Perizoniani
415 2441 467 2480 84
499 2440 695 2491 accepisse
725 2441 773 2481 ab
805 2442 1028 2482 Henrico
1059 2443 1238 2483 Keilio.

251 2495 471 2535 OnArxoxEs
493 2503 529 2535 et
551 2496 759 2536 EPISTULAS
792 2506 993 2550 excerptas
1015 2500 1061 2539 de
1084 2500 1276 2539 Hisronns
1308 2511 1388 2537 non
1411 2499 1561 2551 aliquot

135 2550 177 2590 in
207 2551 306 2590 libro
328 2551 510 2591 Vaticano
543 2558 671 2592 extare
701 2566 836 2593 verum
859 2561 1052 2607 quotquot
1073 2556 1165 2595 olim
1186 2555 1368 2595 Historiis
1389 2556 1560 2595 insertae
