1709 2885
484 89 539 123 DE
564 89 883 124 CONIURATIONE
908 89 1133 123 CATILINAE
1463 87 1514 126 21

103 195 192 235 isse.
232 199 432 245 praeterea
451 205 621 244 quorum
639 193 799 232 victoria
819 193 949 232 Sullae
968 196 1150 244 parentes
1170 191 1394 243 proscripti,
1415 192 1516 231 bona
1539 200 1558 231 9

104 254 248 302 erepta,
269 250 331 289 ius
351 249 540 289 libertatis
558 249 799 288 ‘inminutum
820 254 919 296 erat,
941 249 1043 288 haud
1064 261 1158 288 sane
1179 248 1251 287 alio
1273 249 1403 287 animo
1423 249 1516 288 belli

103 312 282 346 eventum
315 305 580 357 expectabant.
630 306 675 344 ad
696 305 771 344 hoc
800 306 1037 357 quicumque
1067 305 1227 344 aliarum
1257 309 1372 355 atque
1403 318 1515 344 sena·
1540 312 1578 343 10

103 369 166 403 tus
185 362 355 414 partium
376 367 506 409 erant,
528 361 754 400 conturbari
774 374 857 400 rem
878 362 1074 412 publicam
1095 373 1211 411 quam
1239 360 1369 400 minus
1389 362 1516 401 valere

0 450 1 470 ³
55 426 74 458 5
102 420 177 471 ipsi
198 418 402 457 malebant.
434 418 473 456 id
494 417 589 456 adeo
610 417 753 456 malum
768 418 913 456 multos
933 423 1021 469 post
1042 429 1166 456 annos
1186 417 1226 455 in
1249 417 1435 457 civitatem
1454 430 1516 457 re·
1540 425 1575 455 11

103 481 283 514 verterat.
334 487 422 513 nam
452 479 659 524 postquam
682 471 751 512 Cn.
771 473 958 525 Pompeio
994 480 1030 513 et
1051 473 1102 512 M.
1126 473 1263 512 Crasso
1286 474 1516 513 consulibus
1537 476 1587 512 38

102 530 311 571 tribunicia
340 535 510 582 potestas
529 530 707 568 restituta
728 536 808 577 est,
839 530 1018 569 homines
1038 529 1306 569 adulescentes
1326 542 1517 568 summam

102 592 333 639 potestatem
355 586 470 633 nacti,
493 585 634 637 quihus
654 591 757 624 aetas
779 587 1010 637 animusque
1026 587 1136 625 ferox
1152 591 1246 632 erat,
1268 598 1433 637 coepere
1455 599 1516 625 se-

102 649 236 683 natum
258 642 498 681 criminando
523 641 678 693 plebem
700 643 904 692 exagitare,
926 643 1015 682 dein
1035 642 1242 693 largiundo
1265 648 1380 692 atque
1402 642 1516 694 polli-

37 706 74 738 10
105 699 258 738 citando
279 699 401 749 magis
422 698 645 745 incendere,
671 698 722 736 ita
742 698 817 749 ipsi
841 699 932 737 clari
953 703 1213 750 potentesque
1234 698 1330 736 fieri.
1381 706 1517 737 contra
1540 704 1558 736 2

102 768 169 795 eos
190 767 339 794 summa
367 767 441 805 ope
462 754 658 793 nitebatur
684 754 872 806 pleraque
892 755 1074 794 nobilitas
1103 759 1261 793 senatus
1282 755 1412 806 specie
1443 767 1515 806 pro

56 832 57 835 =
101 824 170 851 sua
194 810 474 861 magnitudine.
533 823 702 862 namque
722 811 778 850 uti
799 812 933 862 paucis
954 823 1088 850 verum
1109 810 1315 858 absolvam,
1345 816 1435 862 post
1454 811 1516 849 illa
1538 817 1557 849 3

99 875 275 919 tempora
295 866 532 917 quicumque
553 879 635 905 rem
655 866 851 917 publicam
867 868 1058 918 agitavere
1078 867 1254 906 honestis
1276 867 1516 914 nominibus,

101 924 164 963 alii
193 923 308 962 sicuti
329 922 466 973 populi
496 923 580 961 iura
601 923 876 971 defenderent,
908 936 997 975 pars
1020 936 1096 975 quo
1119 929 1276 962 senatus
1306 923 1516 963 auctoritas

35 986 71 1018 15
99 992 276 1019 maxuma
297 979 408 1026 foret,
428 978 577 1017 bonum
597 979 798 1030 publicum
828 979 1054 1018 simulantes
1075 992 1146 1030 pro
1168 992 1236 1018 sua
1259 980 1424 1030 quisque
1444 992 1516 1030 po-

99 1036 219 1075 tentia
241 1035 451 1074 certabant.
492 1048 622 1086 neque
642 1035 718 1075 illis
738 1036 925 1075 modestia
942 1048 1070 1086 neque
1089 1036 1228 1074 modus
1251 1036 1515 1074 contentionis
1539 1043 1557 1073 4

100 1098 202 1131 erat:
234 1091 392 1142 utrique
406 1091 606 1130 victoriam
626 1093 835 1131 crudeliter
856 1092 1097 1132 exercebant.
1133 1093 1199 1131 sed
1221 1099 1426 1143 postquam
1444 1092 1515 1134 Cn.
1538 1094 1590 1130 39

98 1147 310 1198 Pompeius
341 1147 387 1186 ad
421 1147 567 1186 bellum
595 1149 846 1188 maritumum
884 1154 1000 1199 atque
1030 1148 1334 1187 Mithridaticum
1373 1149 1516 1187 missus

101 1209 171 1252 est,
201 1203 326 1255 plebis
347 1215 441 1254 opes
460 1203 689 1253 inminutae,
720 1217 936 1255 paucorum
962 1205 1134 1256 potentia
1157 1205 1288 1243 crevit.
1338 1205 1372 1243 ei
1394 1206 1515 1255 magi-
1539 1211 1557 1242 2

32 1265 73 1298 20
101 1266 244 1299 stratus
274 1259 493 1310 provincias
524 1260 675 1310 aliaque
696 1261 826 1299 omnia
856 1268 1010 1307 tenere,
1042 1261 1117 1311 ipsi
1148 1261 1298 1299 innoxii
1328 1262 1514 1300 ssoreutes

99 1318 183 1356 sine
203 1323 309 1355 metu
331 1320 491 1354 aetatem
513 1328 626 1366 agere
648 1322 877 1367 ceterosque
897 1317 1051 1355 iudiciis
1073 1322 1240 1364 terrere,
1263 1329 1341 1367 quo
1362 1317 1515 1368 plebem
1538 1324 1557 1355 3

97 1372 138 1411 in
159 1372 386 1421 magistratu
407 1371 597 1423 placidius
618 1378 839 1412 tractarent.
882 1373 949 1412 sed
970 1372 1036 1411 ubi
1056 1373 1225 1424 primum
1249 1372 1376 1411 dubiis
1398 1373 1516 1412 rebus

97 1428 265 1468 novandi
294 1440 384 1478 spes
405 1428 530 1467 oblata
553 1434 623 1475 est,
653 1437 762 1468 vetus
792 1434 986 1467 certamen
1017 1430 1168 1467 animos
1199 1441 1333 1468 eorum
1356 1429 1516 1468 adrexit.

99 1485 237 1535 quodsi
272 1484 399 1534 primo
429 1484 578 1535 proelio
602 1484 762 1523 Catilina
783 1485 964 1534 superior
984 1491 1050 1524 aut
1079 1497 1201 1534 aequa
1221 1498 1340 1524 manu
1372 1485 1517 1525 disces·
1539 1492 1559 1524 4

31 1544 69 1576 25
99 1540 227 1588 sisset,
248 1540 425 1590 profecto
446 1552 586 1590 magna
616 1540 743 1579 clades
764 1546 878 1591 atque
903 1540 1097 1579 calamitas
1111 1553 1200 1581 rem
1222 1541 1416 1591 publicam
1447 1542 1518 1580 ob-

97 1597 316 1649 pressisset,
347 1608 476 1647 neque
506 1596 601 1644 illis,
633 1597 700 1648 qui
730 1596 929 1635 victoriam
959 1596 1085 1648 adepti
1115 1597 1266 1644 forent,
1298 1597 1442 1636 diutius
1473 1610 1518 1636 ea

99 1653 157 1692 uti
187 1653 381 1701 licuisset,
414 1652 508 1702 quin
541 1653 702 1692 defessis
732 1659 769 1692 et
791 1652 1032 1703 exanguibus
1064 1653 1131 1704 qui
1161 1653 1251 1704 plus
1282 1660 1416 1704 posset
1443 1654 1516 1693 im-

97 1709 252 1760 perium
273 1715 388 1760 atque
409 1709 624 1748 libertatem
648 1715 908 1760 extorqueret.
956 1710 1066 1748 fuere
1087 1715 1216 1748 tamen
1239 1715 1345 1748 extra
1377 1711 1515 1749 coniu-
1539 1718 1558 1749 5

99 1765 290 1804 rationem
319 1765 561 1816 complures,
594 1766 661 1815 qui
682 1766 727 1803 ad
751 1764 950 1803 Catilinam
981 1765 1091 1804 initio
1122 1766 1287 1816 profecti
1310 1773 1414 1805 sunt.
1474 1767 1515 1805 in

32 1826 71 1859 30
101 1822 156 1861 eis
188 1826 268 1860 erat
286 1821 444 1860 Fulvius
475 1822 664 1861 senatoris
684 1821 809 1868 filius,
843 1833 957 1872 quem
980 1827 1190 1860 retractum
1212 1834 1258 1860 ex
1279 1822 1419 1861 itinere
1448 1835 1518 1873 pa-

98 1890 192 1917 rens
212 1877 342 1916 necari
363 1876 488 1915 iussit.

212 1932 339 1971 Isdem
370 1932 613 1983 temporibus
632 1932 778 1971 Romae
792 1932 1003 1981 Lentulus,
1026 1933 1140 1972 sicuti
1163 1933 1325 1972 Catilina
1354 1946 1518 1985 praece-
1538 1940 1558 1972 6

99 1994 230 2040 perat,
262 2000 531 2039 quoscumque
560 1988 735 2027 moribus
776 1995 843 2028 aut
871 1989 1027 2028 fortuna
1058 1989 1167 2028 novis
1197 1989 1315 2028 rebus
1352 1991 1517 2030 idoneos

103 2045 296 2091 credebat,
319 2050 385 2083 aut
404 2056 475 2095 per
496 2057 536 2083 se
556 2050 622 2083 aut
640 2057 712 2096 per
732 2045 827 2084 alios
849 2045 1090 2094 sollicitabat,
1112 2057 1241 2096 neque
1261 2047 1388 2085 solum
1411 2048 1517 2095 civis,

32 2107 70 2140 35
101 2102 167 2141 sed
191 2101 381 2151 cuiusque
400 2100 505 2139 modi
525 2113 651 2152 genus
671 2101 887 2146 hominum,
910 2102 1015 2153 quod
1034 2102 1148 2141 modo
1170 2101 1271 2140 bello
1293 2104 1382 2142 usui
1403 2104 1518 2143 foret.

182 2245 379 2286 luictoriae
408 2243 462 2287 ΡΗ
482 2246 503 2277 4
525 2248 617 2278 erant
636 2256 673 2288 p,
700 2249 770 2279 erat
794 2245 848 2289 ΡΙΙ
868 2247 886 2278 5
913 2245 946 2278 id
973 2245 1055 2278 adeo
1086 2244 1119 2285 C,
1136 2245 1212 2278 ideo
1234 2245 1292 2278 PC
1304 2245 1316 2288 Π
1340 2247 1379 2279 10
1405 2245 1519 2278 incen-

94 2291 171 2324 dere
185 2302 222 2334 p,
238 2290 393 2323 incedere
410 2291 439 2322 P
452 2288 464 2332 ΙΙ
487 2290 525 2323 12
551 2300 609 2333 per
625 2290 683 2323 illa
699 2302 718 2322 z
738 2290 750 2334 Η
770 2293 807 2324 17
829 2290 885 2323 sed
905 2294 1086 2333 postquam
1104 2300 1169 2323 om.
1184 2292 1220 2330 P,
1246 2290 1305 2323 sed
1323 2301 1366 2333 po
1385 2291 1517 2330 (cetera

90 2339 227 2379 periere
251 2337 402 2368 abscissa
431 2336 648 2376 membrana)
676 2338 719 2368 in
743 2346 858 2378 marg.
886 2346 908 2378 p
926 2336 937 2378 Η
957 2337 995 2368 21
1033 2339 1231 2378 ceterosque
1260 2335 1323 2377 PC,
1355 2346 1420 2377 que
1450 2347 1517 2368 om.

95 2381 207 2424 01122
239 2383 420 2414 tractarent
450 2391 493 2412 eoe
517 2381 705 2413 tractabant
729 2380 785 2424 ΡΗ
803 2383 843 2414 23
865 2380 1011 2413 nouandi
1039 2380 1219 2422 Gruterus,
1245 2381 1411 2413 nouandis
1428 2380 1486 2413 PC
1507 2381 1518 2423 ῘΙ

94 2426 206 2459 ablata
230 2425 283 2468 Pll
302 2427 343 2459 27
369 2425 489 2459 ceteiis
513 2428 594 2466 post
615 2426 823 2468 exanguibus
846 2436 890 2458 σω
913 2426 939 2458 C
960 2425 1098 2457 addunt
1118 2425 1186 2458 duo
1204 2425 1216 2469 ΙΙ
1237 2427 1278 2458 28
1301 2429 1518 2469 extorqueret

95 2482 139 2504 ecc
158 2470 341 2509 extolleret
365 2469 419 2514 ΡΗ
439 2472 480 2504 30
506 2469 631 2503 fuluius
656 2470 741 2523 PCz,
766 2471 851 2504 fului
869 2471 922 2502 vel
945 2480 973 2503 3
1002 2470 1085 2503 fului
1110 2471 1245 2513 singull
1261 2481 1306 2502 ει-
1322 2482 1352 2511 z,
1378 2470 1418 2504 A.
1442 2470 1518 2503 Ful-

96 2516 171 2550 uius
197 2527 240 2548 eoe
262 2510 430 2558 ‘antiquzs
457 2511 721 2557 escemplaribus
754 2517 809 2556 (at
835 2527 864 2549 υ.
886 2516 1001 2549 Herm.
1025 2516 1055 2558 1,
1074 2515 1143 2549 243
1167 2516 1265 2556 atla)
1289 2516 1441 2558 Popma:
1473 2515 1518 2555 ef.

97 2561 175 2594 Val.
199 2561 293 2594 Mam.
314 2562 346 2603 5,
369 2561 400 2603 8,
421 2560 470 2604 514
491 2562 530 2593 35
554 2560 633 2592 belli
660 2561 690 2593 P
