1709 2885
112 90 164 130 14
612 91 648 126 C.
666 89 870 125 SALLUSTI
894 89 1031 124 CRISPI

111 196 357 236 consulatum
380 195 419 235 C.
442 195 677 243 Antonium,
699 207 815 246 quem
836 195 909 234 sibi
930 195 1116 246 collegam
1137 195 1220 234 sore
1239 204 1434 248 speraret,
1455 198 1525 238 ho-

111 254 256 294 minem
277 260 315 292 et
330 251 555 292 familiarem
572 258 609 292 et
625 252 806 291 omnibus
823 252 1178 292 necessitudinibus
1199 252 1525 303 circumventum3

68 318 89 350 4
113 323 199 349 cum
222 322 269 349 eo
290 323 332 350 se
353 309 554 349 consulem
576 309 730 348 initium
751 309 894 359 agundi
914 309 1119 349 facturum.
1169 309 1216 348 ad
1243 309 1319 349 hoc
1344 311 1527 351 maledic-

109 367 158 406 tis
178 365 406 418 increpabat
425 365 552 405 omnis
573 365 719 413 bonos,
750 377 913 405 suorum
941 378 1065 405 unum
1094 378 1289 418 quemque
1320 368 1527 408 nominans

109 423 283 463 laudare:
319 422 549 462 admonebat
568 423 685 461 alium
709 422 887 473 egestatis
907 422 1024 463 alium
1046 422 1268 474 cupiditatis
1287 435 1402 473 suae,
1432 437 1528 464 con-

110 480 234 532 pluris
253 479 419 532 periculi
439 486 505 519 aut
525 478 775 530 ignominiae,
796 479 940 518 multos
959 479 1141 519 victoriae
1161 479 1364 529 Sullanae,
1387 481 1529 532 quibus

67 545 86 576 5
111 549 152 576 ea
168 537 334 588 praedae
351 537 488 576 suerat.
523 542 728 587 postquam
745 536 919 576 omnium
937 536 1086 576 animos
1102 536 1239 575 alacris
1254 535 1369 586 videt,
1387 538 1529 577 cohor-

109 599 232 642 tatus,
262 599 306 632 ut
334 593 562 644 petitionem
587 604 695 631 suam
727 604 842 632 curae
870 593 1076 641 haberent,
1108 599 1342 632 conventum
1371 594 1528 634 dimisit.

33 654 84 690 22
107 652 216 690 suere
237 662 280 689 ea
301 655 529 701 tempestate
560 649 625 701 qui
656 648 830 689 dicerent
855 649 1055 690 Catilinam
1084 651 1259 689 oratione
1281 650 1409 690 habita
1439 664 1527 691 cum

6 711 13 718 ’
107 706 154 746 ad
174 706 448 746 iusiurandum
469 705 670 758 popularis
692 706 849 746 sceleris
870 706 931 745 sui
951 706 1143 757 adigeret,
1169 707 1328 746 humani
1351 709 1528 760 corporis

64 771 85 804 2
107 763 338 814 sanguinem
359 763 449 802 vino
477 763 712 814 permixtum
741 763 780 802 in
808 763 952 815 pateris
982 763 1288 811 ci1·cumtulisse;
1320 764 1410 803 inde
1440 777 1528 804 cum

107 826 197 872 post
225 820 511 860 execrationem
541 831 676 859 omnes
705 819 1034 870 degustavissent,
1074 821 1174 859 sicut
1202 820 1242 859 in
1273 820 1529 861 sollemnibus

107 877 227 917 sacris
247 877 330 916 fieri
353 876 577 925 consuevit,
607 877 806 928 aperuisse
837 876 1043 916 consilium
1064 889 1178 917 suum
1208 883 1324 928 atque
1350 890 1395 917 eo
1416 878 1528 918 dicti·

106 941 187 974 tare
206 934 369 981 fecisse,
400 945 477 985 quo
499 933 602 973 inter
622 946 663 972 se
684 933 748 972 fidi
769 934 890 984 magis
912 934 1063 982 forent,
1093 933 1191 973 alius
1222 933 1284 973 alii
1311 935 1404 974 tanti
1436 934 1528 974 saci-

63 999 84 1031 3
107 990 215 1030 noris
236 990 398 1031 conscii.
449 1003 529 1030 non
551 990 649 1029 nulli
670 990 756 1029 ficta
786 996 823 1029 et
842 991 937 1030 haec
957 996 996 1029 et
1015 990 1134 1030 multa
1162 996 1360 1043 praeterea
1382 992 1527 1031 existu—

105 1047 263 1087 mabant
291 1047 337 1086 ab
369 1047 446 1096 eis,
487 1047 553 1099 qui
581 1044 780 1086 Ciceronis
809 1047 1010 1095 invidiam,
1048 1060 1146 1098 quae
1176 1053 1309 1099 postea
1344 1055 1428 1087 orta
1456 1054 1528 1095 est,

104 1104 219 1144 leniri
240 1104 451 1144 credebant
477 1103 676 1143 atrocitate
704 1104 862 1143 sceleris
884 1116 1041 1152 eorum,
1073 1103 1140 1155 qui
1162 1116 1310 1156 poenas
1330 1104 1528 1144 dederant.

104 1161 218 1201 nobis
239 1174 282 1201 ea
303 1173 366 1200 res
386 1173 459 1212 pro
480 1160 746 1212 magnitudine
767 1173 904 1212 parum
927 1168 1124 1211 comperta
1147 1168 1215 1199 est.

30 1222 80 1259 23
218 1218 295 1258 Sed
315 1219 355 1257 in
378 1230 420 1257 ea
442 1217 713 1256 coniuratione
733 1217 806 1255 suit
827 1217 872 1262 Q.
895 1217 1054 1265 Curius,
1086 1223 1200 1256 natus
1228 1217 1331 1256 haud
1360 1216 1528 1258 obscuro

102 1276 203 1321 loeo,
225 1266 379 1326 flagitiis
400 1281 516 1325 atque
536 1273 776 1313 facinoribus
798 1280 1020 1325 coopertuS,
1048 1285 1165 1324 quem
1187 1285 1370 1312 censores
1391 1280 1529 1314 senatu

59 1340 82 1373 2
104 1332 240 1384 probri
257 1331 375 1382 gratia
387 1336 600 1370 moverant.
620 1330 871 1369 huichomini
887 1343 967 1369 non
978 1330 1106 1369 minor
1118 1330 1262 1369 vanitas
1279 1330 1529 1382 ineratquam

103 1388 284 1428 audacia:
306 1400 436 1439 neque
452 1387 629 1435 reticere,
651 1399 750 1438 quae
767 1386 952 1436 audierat,
975 1399 1103 1438 neque
1119 1393 1269 1427 suamet
1283 1386 1368 1439 ipse
1384 1388 1528 1427 scelera

103 1446 314 1494 occultare,
337 1456 499 1496 prorsus
520 1457 648 1495 neque
669 1443 799 1483 dicere
814 1456 944 1495 neque
960 1444 1088 1483 facere
1110 1444 1317 1495 quicquam
1334 1445 1445 1496 pensi
1460 1445 1528 1484 ha-

59 1511 80 1544 3
104 1502 229 1542 bebat.
266 1508 347 1541 erat
368 1501 401 1541 ei
419 1513 507 1540 cum
523 1501 655 1539 Fulvia
676 1500 839 1539 muliere
856 1500 977 1539 nobili
994 1500 1120 1552 stupri
1138 1507 1246 1539 vetus
1263 1502 1527 1550 consuetud03

102 1558 271 1598 cuicum
288 1558 419 1597 minus
435 1564 568 1609 gratus
585 1563 698 1605 esset,
731 1556 820 1608 quia
836 1557 968 1608 inopia
986 1557 1115 1596 minus
1132 1557 1262 1608 largiri
1279 1564 1443 1608 poterat,
1465 1571 1530 1598 re—

101 1621 219 1667 pente
240 1615 411 1667 glorians
431 1614 550 1654 maria
571 1614 795 1664 montisque
815 1613 992 1666 polliceri
1015 1614 1143 1665 coepit
1172 1620 1210 1652 et
1238 1614 1377 1654 minari
1407 1615 1529 1655 inter-

103 1673 195 1712 dum
215 1672 333 1719 serre,
356 1671 396 1711 ni
417 1671 491 1711 sibi
513 1670 680 1710 obnoxia
696 1671 818 1718 foret;
841 1677 1039 1722 postremo
1060 1671 1205 1722 agitare
1222 1671 1391 1711 ferocius
1413 1684 1528 1724 quam

59 1739 79 1771 4
103 1729 239 1769 solitus
269 1734 360 1768 erat.
411 1734 448 1767 at
468 1727 600 1766 Fulvia
622 1727 851 1767 insolentiae
874 1727 963 1766 Curi
993 1739 1107 1766 causa
1137 1727 1292 1778 cognita
1320 1727 1394 1767 tale
1423 1728 1527 1780 peri-

103 1786 234 1825 culum
257 1785 313 1825 rei
334 1784 514 1837 publicae
542 1784 646 1823 haud
674 1783 872 1823 occultum
903 1783 1058 1832 habuit,
1089 1784 1157 1823 sed
1187 1783 1339 1823 sublato
1368 1792 1528 1825 auctore

102 1843 150 1882 de
171 1841 356 1882 Catilinae
376 1841 648 1881 coniuratione
678 1853 776 1892 quae
806 1846 980 1892 quoque·
995 1841 1109 1879 modo
1130 1840 1303 1880 audierat
1327 1841 1528 1894 conpluri-

59 1909 79 1941 5
104 1900 176 1939 bus
205 1899 386 1938 narravit.
446 1911 490 1937 ea
526 1910 588 1937 res
623 1898 664 1937 in
700 1897 837 1949 primis
871 1897 998 1936 studia
1033 1897 1235 1936 hominum
1272 1898 1450 1938 accendit
1481 1899 1529 1938 ad

58 1965 79 1997 6
103 1956 350 1996 consulatum
392 1954 655 1994 mandandum
692 1954 743 1993 M.
783 1954 911 1993 Tullio
953 1954 1144 1994 Ciceroni.
1210 1966 1377 2005 namque
1417 1961 1528 1995 antea

102 2013 289 2065 pleraque
328 2011 509 2051 nobilitas
549 2011 690 2050 invidia
730 2010 926 2050 aestuabat
965 2018 1003 2051 et
1037 2010 1147 2062 quasi
1188 2010 1311 2062 pollui
1352 2011 1527 2051 consula-

103 2077 183 2109 tum
207 2068 437 2117 credebant,
469 2068 501 2106 si
532 2080 621 2106 euni
651 2068 825 2119 quamvis
856 2068 1037 2119 egregius
1066 2068 1183 2106 homo
1213 2079 1334 2106 novos
1363 2067 1527 2120 adeptus

101 2127 213 2166 foret.
272 2126 340 2165 sed
368 2125 435 2165 ubi
465 2124 684 2177 periculum
713 2124 884 2172 advenit,
917 2124 1057 2163 invidia
1085 2130 1202 2175 atque
1228 2123 1409 2176 superbia
1437 2130 1528 2177 post

142 2251 146 2256 .
194 2230 212 2260 3
232 2237 267 2261 se
285 2237 354 2259 om.
371 2225 424 2265 ΡΙΙ
444 2228 462 2258 7
481 2224 604 2268 praeda
621 2224 685 2257 suit
702 2225 732 2257 P
745 2236 835 2257 corr.
848 2235 871 2267 p
888 2224 901 2267 ΙΙ
923 2227 962 2257 10
981 2224 1152 2267 popularis
1175 2224 1226 2256 sui
1244 2223 1380 2257 sceleris
1397 2224 1526 2257 Donat.

102 2275 138 2305 in
157 2273 232 2305 Ter.
249 2273 388 2305 Phor-m.
405 2271 448 2304 35
465 2270 477 2312 ΙΙ
497 2270 647 2312 adigeret
666 2270 700 2312 C,
725 2270 871 2303 adiceret
888 2269 945 2302 PC
957 2269 969 2312 11
992 2271 1030 2302 13
1056 2275 1158 2313 atque
1183 2279 1224 2302 eo
1243 2269 1396 2302 dictitare
1421 2269 1526 2310 (dicto

99 2321 208 2360 pauci
226 2318 284 2353 Cz)
309 2317 430 2350 secisse
448 2316 512 2357 PC,
537 2326 604 2348 om.
624 2316 677 2347 vel
698 2327 776 2358 exp.
792 2319 877 2348 sunt
898 2317 935 2346 in
958 2316 1110 2356 singnh's
1129 2314 1174 2348 C:
1199 2314 1263 2346 (lel.
1280 2313 1416 2346 Bitsclzl
1441 2315 1526 2348 Mus.

101 2365 155 2396 rh.
179 2364 234 2405 23,
259 2362 337 2404 701,
360 2362 517 2395 dictitare
541 2361 606 2393 del.
632 2361 779 2403 Selling,
804 2361 904 2404 idque
929 2371 970 2393 eo
995 2360 1116 2393 dicitur
1140 2360 1261 2393 secisse
1294 2362 1384 2392 coni.
1407 2361 1527 2401 Bergk

102 2409 226 2442 Philol.
252 2407 307 2450 29,
332 2407 410 2449 326,
435 2411 537 2449 atque
562 2416 602 2439 eo
627 2406 752 2440 dixisse
777 2416 849 2439 eam
874 2415 943 2438 rem
969 2406 1090 2439 secisse
1114 2401 1190 2438 ‘ant
1210 2401 1381 2437 similiter‘
1408 2405 1525 2439 Madv.

102 2455 190 2488 Adv.
203 2454 235 2496 2,
249 2453 314 2487 291
330 2452 342 2497 Η
362 2455 404 2486 20
429 2455 548 2485 senatu
571 2463 598 2484 S.
612 2463 637 2484 s.
655 2452 708 2492 ΡῖΙ
727 2453 766 2485 21
795 2451 889 2495 probi
916 2451 1024 2493 gratia
1049 2454 1242 2484 ainauerant
1257 2450 1289 2482 Ρ
1303 2449 1316 2490 ΙΙ
1331 2452 1373 2484 26
1399 2454 1433 2483 et
1458 2461 1524 2484 om.

1558 715 1653 747 10·

1561 999 1596 1030 15

1557 1281 1598 1314 20

1557 1566 1596 1598 25

1556 1849 1596 1881 30

101 2511 122 2532 z
144 2498 230 2539 fort.
247 2503 341 2531 recte
356 2498 368 2541 ΙΙ
388 2500 428 2531 27
455 2508 521 2540 qua
536 2507 571 2538 p,
597 2503 661 2540 que
677 2498 708 2529 P
721 2495 734 2541 ΙΙ
750 2498 793 2531 28
812 2497 1013 2530 insolentiae
1029 2508 1060 2538 z,
1086 2495 1264 2530 insolentia
1281 2494 1362 2539 Pcu
1382 2497 1424 2529 30
1442 2507 1525 2539 quo-
1583 2519 1586 2522 -

102 2544 203 2578 modo
229 2544 299 2581 PC,
325 2553 459 2587 quoqne
484 2541 583 2575 modo
609 2542 665 2574 vel
686 2547 721 2575 et
746 2542 915 2586 quomodo
941 2543 969 2575 C
972 2556 985 2583 ‚·
1013 2551 1150 2585 quoquo
1173 2539 1274 2574 modo
1298 2540 1488 2574 Mommsen
1510 2541 1525 2587 fl

103 2592 145 2625 33
171 2589 347 2624 aestuabat
374 2588 408 2631 C,
437 2587 637 2622 aestimabat
660 2587 718 2621 PC
