1709 2885
158 70 210 112 18
661 73 695 107 C.
714 71 919 107 SALLUSTI
943 72 1079 107 CRISPI

114 184 132 215 7
158 177 225 216 dit.
275 177 343 216 sed
374 176 440 215 ubi
469 176 534 215 ille
563 176 730 223 adsedit,
762 175 943 224 Catilina,
975 183 1019 216 ut
1039 182 1120 215 erat
1140 181 1296 227 paratus
1318 177 1363 215 ad
1392 178 1575 218 dissimu-

157 233 270 272 landa
299 233 449 280 omnia,
479 232 646 272 demisso
674 233 779 272 voltu
808 244 902 272 voce
931 233 1099 284 supplici
1128 233 1326 283 postulare
1355 246 1375 274 a
1395 234 1574 286 patribus

158 289 288 340 coepit
319 288 464 340 nequid
493 290 539 328 de
569 302 609 328 se
640 294 785 328 temere
805 289 1031 336 crederent;
1052 301 1095 328 ea
1115 288 1258 328 familia
1286 295 1436 338 ortum,
1459 291 1509 331 ita
1530 303 1573 330 se

156 345 203 384 ab
225 345 484 385 adulescentia
514 346 625 384 vitam
648 345 884 392 instituisse,
904 351 948 384 ut
968 345 1096 385 omnia
1117 345 1218 384 bona
1240 345 1279 384 in
1301 358 1370 397 spe
1397 347 1571 386 haberet.

157 414 207 440 ne
237 402 516 441 existumarent
544 401 615 440 sibi
646 402 808 453 patricio
837 401 1006 450 bomini,
1035 402 1146 441 cuius
1168 401 1291 452 ipsius
1312 408 1426 455 atque
1451 403 1571 442 maio-

156 470 243 497 rum
276 458 455 509 pluruma
484 458 662 497 benificia
691 458 731 496 in
763 458 914 509 plebem
943 458 1156 497 Romanam
1188 464 1338 506 essent,
1361 459 1508 511 perdita
1528 471 1572 498 re

155 514 309 565 publica
332 527 432 565 opus
453 527 537 553 esse
551 544 560 558 ,
583 527 670 553 cum
693 526 774 552 eam
795 521 964 553 servaret
983 515 1032 554 M.
1055 514 1218 560 Tullius,
1240 514 1457 565 inquilinus
1479 516 1572 554 civis

111 576 132 609 8
155 570 263 610 urbis
292 570 448 609 Romae.
498 571 543 610 ad
573 571 648 609 hoc
675 570 877 610 maledicta
906 571 976 610 alia
1013 583 1101 609 cum
1133 571 1309 618 adderet,
1346 571 1573 623 obstrepere

111 632 132 664 9
155 639 313 675 omnes,
346 627 497 666 hostem
526 633 642 677 atque
670 626 899 677 parricidam
927 639 1076 666 vocare.
1126 633 1205 665 tum
1237 627 1300 666 ille
1335 627 1572 667 furibundus

148 680 352 734 ‘quoniam
369 683 524 734 quidem
541 679 839 723 eii-cumventus'
858 681 1058 734 inquit‘ab
1076 683 1242 722 inimicis
1260 696 1447 735 praeceps
1463 695 1570 735 agor,

78 740 130 777 32
153 739 379 779 incendium
401 752 529 778 meum
552 740 663 779 ruina
685 736 949 790 restinguam?
992 740 1130 780 deinde
1151 753 1192 778 se
1215 753 1260 778 ex
1281 741 1387 779 curia
1413 741 1571 779 domum

152 795 360 847 proripuit.
396 796 449 835 ibi
466 796 584 835 multa
602 797 684 847 ipse
701 808 831 835 secum
849 797 1017 840 volvens,
1035 797 1139 847 quod
1156 808 1283 846 neque
1300 797 1460 835 insidiae
1477 808 1572 835 con-

152 851 227 891 suli
258 852 524 904 procedebant
553 859 589 891 et
619 853 665 891 ab
691 853 871 892 incendio
894 852 1141 903 intellegebat
1161 853 1296 891 urbem
1322 853 1462 903 vigiliis
1484 864 1571 891 mu-

153 909 290 958 nitam,
321 915 525 960 optumum
548 909 650 948 sactu
673 909 838 948 credens
860 909 1069 956 exercitum
1091 921 1233 959 augere
1263 922 1306 948 ac
1326 909 1434 960 prius
1456 920 1572 959 quam

151 965 326 1016 legiones
357 965 623 1004 scriberentur
651 966 770 1004 multa
799 973 1048 1017 antecapere,
1071 978 1169 1016 quae
1191 965 1291 1004 bello
1315 966 1401 1004 usui
1427 966 1569 1013 forent,

152 1027 267 1060 nocte
298 1021 529 1073 intempesta
561 1033 649 1061 cum
679 1022 813 1073 paucis
842 1022 881 1060 in
904 1021 1095 1061 Manliana
1127 1028 1250 1060 castra
1279 1023 1477 1073 profectus
1499 1027 1570 1060 est.

108 1082 129 1115 2
151 1078 219 1118 sed
241 1077 410 1128 Cethego
431 1085 546 1129 atquc
567 1078 734 1117 Lentulo
758 1078 987 1130 ceterisque,
1005 1090 1171 1128 quorum
1191 1084 1423 1128 cognoverat
1439 1089 1572 1129 prom-

149 1140 257 1186 ptam
287 1134 504 1179 audaciam,
540 1135 695 1173 mandat
729 1134 870 1185 quibus
905 1135 1022 1173 rebus
1059 1141 1217 1184 possent
1257 1147 1352 1185 opes
1391 1134 1572 1173 factionis

150 1191 402 1238 confirment,
428 1190 587 1230 insidias
616 1191 768 1230 consuli
790 1196 1006 1236 maturent,
1029 1190 1183 1228 caedem
1213 1190 1390 1228 incendia
1422 1190 1572 1241 aliaque

148 1246 240 1286 belli
256 1247 429 1286 facinora
445 1253 603 1298 parent:
631 1259 715 1286 sese
731 1259 854 1298 prope
872 1247 971 1285 diem
990 1258 1078 1284 cum
1095 1258 1236 1297 magno
1252 1246 1424 1285 exercitu
1440 1246 1487 1285 ad
1504 1257 1570 1285 ur-

147 1303 236 1342 bem
258 1316 520 1342 accessurum.

261 1359 361 1398 Dum
383 1360 479 1398 haec
502 1359 643 1398 Romae
674 1365 886 1410 geruntur,
909 1358 949 1397 C.
972 1358 1138 1397 Manlius
1170 1370 1215 1397 ex
1236 1371 1307 1397 suo
1330 1370 1493 1397 numero
1514 1357 1570 1397 le-

148 1421 256 1466 gatos
290 1415 335 1454 ad
372 1415 558 1454 Marcium
594 1415 739 1466 Regem
774 1415 891 1453 mittit
931 1427 1019 1453 cum
1061 1414 1248 1453 mandatis
1287 1414 1569 1454 huiuscemodi.

73 1473 125 1510 33
144 1468 155 1483 ‘
170 1471 272 1511 Deos
293 1471 553 1522 hominesque
574 1477 781 1519 testamur,
804 1471 1034 1522 imperator,
1066 1483 1137 1510 nos
1158 1483 1260 1510 arma
1283 1483 1412 1522 neque
1433 1475 1569 1510 contra

146 1528 307 1580 patriam
338 1528 488 1579 cepisse
518 1540 646 1579 neque
677 1540 754 1578 quo
785 1527 1002 1578 periculum
1029 1527 1112 1565 aliis
1143 1527 1376 1575 faceremus,
1407 1527 1474 1566 sed
1510 1527 1567 1566 uti

146 1596 312 1635 corpora
342 1589 475 1623 nostra
503 1584 549 1623 ab
578 1584 720 1623 iniuria
748 1589 828 1622 tuta
859 1585 1007 1629 forent,
1039 1584 1105 1633 qui
1136 1583 1265 1621 miseri
1299 1589 1456 1634 egentes
1486 1583 1567 1622 vio-

145 1640 264 1680 lentia
292 1645 408 1691 atque
430 1640 657 1680 crudelitate
678 1640 940 1679 feneratorum
971 1639 1148 1691 plerique
1170 1640 1315 1690 patriae
1345 1640 1412 1679 sed
1433 1651 1570 1678 omnes

144 1697 245 1736 fama
274 1703 391 1747 atque
420 1697 587 1736 fortunis
617 1702 794 1747 expertes
822 1708 970 1734 snmus.
1023 1708 1150 1746 neque
1184 1696 1364 1747 cuiquam
1391 1701 1570 1735 nostrum

145 1753 256 1793 licuit
283 1765 392 1792 more
420 1753 611 1792 maiorum
644 1753 728 1803 lege
751 1752 806 1790 uti
828 1764 956 1802 neque
979 1753 1119 1791 amisso
1141 1752 1375 1802 patrimonio
1399 1752 1568 1791 liberum

146 1822 290 1861 corpus
319 1809 480 1849 habere:
512 1814 617 1848 tanta
646 1808 800 1847 saevitia
829 1809 1092 1847 tenelatorum
1123 1816 1237 1860 atque
1266 1809 1457 1860 praetoris
1479 1809 1563 1848 tuit.

103 1870 122 1903 2
147 1879 261 1929 saepe
290 1865 458 1905 maiores
492 1871 665 1905 vostrum
701 1865 861 1903 miseriti
898 1864 1022 1916 plebis
1052 1864 1249 1904 Romanae
1284 1864 1449 1904 decretis
1483 1864 1565 1904 suis

145 1922 301 1974 inopiae
331 1923 415 1961 eius
437 1922 613 1973 opitulati
635 1928 747 1965 sunt,
770 1933 814 1959 ac
837 1921 1058 1960 novissume
1078 1921 1263 1960 memoria
1292 1927 1422 1960 nostia
1443 1933 1565 1972 prop-

146 1985 204 2017 ter
233 1978 544 2029 magnitudinem
573 1978 672 2016 aeris
702 1977 817 2015 ilieni
837 1977 1056 2016 volentibus
1086 1977 1268 2017 omnibus
1288 1977 1405 2016 bonis
1425 1989 1566 2028 argen-

103 2040 123 2076 3
145 2040 228 2074 tum
257 2047 347 2074 aere
375 2034 546 2074 solutum
576 2040 645 2074 est.
687 2046 801 2085 saepe
831 2033 913 2084 ipsa
935 2034 1068 2085 plebes
1098 2040 1164 2073 aut
1185 2033 1408 2073 dominandi
1435 2033 1564 2072 studio

235 2146 254 2178 2
279 2145 450 2188 postulare
467 2155 485 2177 a
503 2144 654 2187 patribus
672 2144 781 2187 coepit
803 2143 857 2181 Cz,
877 2144 1046 2186 postulare
1065 2145 1215 2187 patribus
1233 2144 1345 2187 coepit
1361 2142 1423 2183 PC,
1446 2146 1567 2186 postu-

142 2190 210 2222 lare
229 2200 246 2222 a
266 2190 416 2232 patribus
434 2201 460 2222 e.
487 2192 549 2229 (sic
574 2190 629 2221 vel
651 2194 785 2222 centum
813 2190 864 2221 vel
880 2190 1093 2232 conscriptis)
1111 2201 1129 2220 z·
1150 2189 1161 2233 11
1179 2193 1197 2223 5
1224 2192 1429 2223 estumarent
1445 2189 1475 2220 P
1489 2188 1500 2231 11
1522 2190 1557 2222 11

141 2235 325 2277 restingam
340 2236 374 2271 Ι),
388 2235 592 2277 restinguam
610 2234 667 2277 Cp,
683 2235 750 2267 Cic.
762 2246 795 2277 p.
810 2234 900 2267 Mar.
915 2234 970 2275 25,
983 2236 1025 2267 :31
1039 2236 1141 2267 Pae-[s
1154 2237 1233 2277 epit.
1249 2234 1325 2268 I'al.
1337 2247 1348 2265 .·
1365 2233 1562 2275 extinguam

145 2280 179 2315 C.
207 2280 440 2322 [bland-129,
467 2280 553 2320 10,νῖ
571 2279 582 2321 [1
603 2282 641 2312 12
668 2280 739 2322 lpse
765 2289 878 2312 Secum
899 2279 1129 2312 *****Oltlcns
1154 2280 1240 2322 (ipse
1256 2291 1277 2312 u
1302 2279 1404 2314 eras.)
1425 2279 1461 2320 P,
1487 2278 1561 2321 ipse

142 2335 255 2358 secum
280 2325 349 2365 (vel
370 2335 483 2358 set-um
509 2325 596 2366 ipse)
620 2325 761 2358 uoluens
786 2323 836 2367 011
862 2326 897 2357 13
926 2324 1167 2366 praecedebant
1196 2324 1249 2367 Pl}
1272 2326 1309 2357 15
1336 2323 1440 2356 multa
1466 2327 1562 2356 ante-

142 2380 261 2413 capere
274 2370 338 2409 PC,
355 2371 462 2403 multo
484 2370 677 2412 praeuenir(
703 2373 901 2411 antecapere
922 2369 948 2401 C
963 2370 1004 2402 dr
998 2372 1116 2402 tenor
1119 2381 1164 2411 es
1181 2369 1285 2402 multa
1303 2369 1366 2402 del
1387 2368 1525 2401 Cor-cetus
1544 2367 1561 2413 11

99 2409 104 2417 “
142 2417 182 2448 27
204 2415 329 2457 patriae
354 2415 417 2456 PC,
447 2415 552 2457 patria
579 2415 599 2447 Ι
605 2415 726 2458 ’101128
751 2417 900 2447 nostrum
926 2415 1080 2457 cuiquam
1104 2415 1139 2447 Ι
1153 2415 1224 2458 1129
1245 2424 1301 2448 ore
1328 2424 1401 2446 ma
1407 2423 1501 2446 orum
1523 2415 1560 2455 (g

141 2462 255 2497 ρικαςα)
284 2462 319 2496 Ρ,
348 2460 510 2493 maiorum
536 2470 559 2501 p
580 2459 591 2503 11
610 2462 648 2492 Ἡ
677 2463 825 2492 uestrum
867 2462 1138 2492 ςίηοιε)·”ιε.ςι“ῃιανη
1165 2455 1396 2502 seriptnram'
1427 2458 1560 2491 Gellius

141 2505 228 2537 dion
247 2505 346 2547 20,6,
364 2506 417 2546 14,
443 2505 543 2537 uestti
572 2505 666 2546 qnod
688 2505 778 2537 idem
802 2507 839 2536 in
867 2504 965 2536 libris
987 2507 1261 2547 super-scriptum
1287 2504 1383 2546 dit-ig
1408 2503 1443 2536 V
1463 2507 1496 2536 et
1518 2505 1561 2535 in.

140 2560 252 2591 marg.
268 2561 303 2593 p,
330 2531 434 2584 nosti-i
459 2549 516 2583 PC
532 2549 543 2593 11
561 2550 699 2583 misuiti
716 2549 808 2582 ΡΟΙ
806 2576 814 2592 ,
839 2550 965 2583 miserti
993 2551 1046 2582 tel
1067 2549 1214 2584 miserati
1241 2548 1292 2593 011
1313 2551 1355 2583 34
1379 2548 1454 2593 ples
1476 2549 1508 2582 P

1601 971 1642 1004 15

1599 1249 1643 1283 20
1701 1267 1709 1273 ..

1597 1532 1640 1565 25

1595 1816 1639 1850 3⁰
