1709 2885
157 70 210 110 42
663 72 695 104 G.
715 69 919 104 SALLUSTI
944 68 1077 102 GRlSPl

158 175 495 227 conrumpendum
528 174 651 219 dedit,
683 174 770 218 sed,
803 173 857 212 uti
889 184 973 211 mos
1003 172 1129 223 gentis
1159 172 1263 210 illius
1294 180 1364 221 est,
1397 173 1569 224 equitare

159 233 328 280 iaculari,
357 243 474 270 cursu
497 243 584 270 cum
606 229 831 282 aequalibus
852 234 1011 275 certare,
1044 236 1081 268 et
1100 240 1187 267 cum
1210 229 1337 268 omnis
1358 229 1478 280 gloria
1499 242 1569 269 an-

158 291 282 335 teiret,
315 287 496 327 omnibus
518 294 644 326 tamen
676 298 788 325 carus
813 296 917 332 esse;
948 285 992 324 ad
1014 286 1089 324 hoc
1118 285 1303 336 pleraque
1334 291 1506 337 tempora
1528 286 1567 325 in

161 345 335 385 venando
356 356 484 395 agere,
507 344 658 382 leonem
681 349 796 393 atque
817 342 909 380 alias
930 341 1028 380 seras
1050 341 1200 393 primus
1219 347 1285 380 aut
1304 342 1342 382 in
1361 342 1497 393 primis
1512 342 1568 381 se-

117 407 136 439 2
160 403 249 449 rire,
272 401 497 453 plurumum
515 400 641 438 facere
658 399 875 438 minumum
897 398 979 448 ipse
1001 399 1047 436 de
1069 410 1110 436 se
1132 398 1251 448 loqui.
1290 398 1430 450 quibus
1452 398 1617 459 rebus?

159 459 333 509 Micipsa,
363 456 512 496 tametsi
535 456 645 494 initio
667 456 790 494 laetus
809 454 946 501 suerat,
972 455 1208 493 existumans
1229 455 1407 494 virtutem
1429 455 1569 506 Iugur-

159 515 245 554 thae
266 526 387 564 regno
418 524 489 551 suo
513 512 656 563 gloriae
688 512 791 562 sore,
822 516 945 550 tamen
978 516 1181 561 postquam
1210 510 1405 551 hominem
1437 511 1569 551 adule-

159 577 329 611 scentem
353 576 483 608 exacta
505 581 572 607 sua
596 573 715 606 aetate
748 573 784 606 et
812 567 938 618 parvis
958 567 1090 606 liberis
1114 567 1234 617 magis
1261 568 1460 619 magisque
1486 580 1570 606 cre-

159 639 266 667 scere
298 625 505 675 intellegit,
542 625 789 663 vehementer
820 636 864 662 eo
901 624 1055 673 negotio
1087 629 1299 675 permotus,
1330 625 1448 663 multa
1480 636 1569 663 cum

89 725 92 729 ,
117 689 136 721 3
159 683 287 723 animo
316 694 387 721 suo
408 681 591 720 volvebat.
652 679 818 719 terrebat
847 692 934 719 eum
957 685 1092 718 natura
1121 680 1340 719 mortalium
1363 681 1466 719 avida
1496 680 1568 719 im·
1601 687 1639 719 10

159 739 241 792 peri
260 744 297 779 et
312 750 498 790 praeceps
514 738 559 776 ad
578 736 803 788 explendam
821 736 938 776 animi
953 736 1187 787 cupidinem,
1211 743 1408 787 praeterea
1426 749 1570 788 oppor-
1693 730 1696 734 ¹

160 796 302 835 (unitas
319 808 411 834 suae
428 794 720 843 liberorumque
740 793 885 837 aetatis,
909 805 1006 843 quae
1028 793 1138 831 ctiam
1156 793 1362 833 mediocris
1378 793 1480 832 viros
1502 805 1571 845 spe

158 853 321 905 praedae
352 858 594 891 transvorsos
624 849 720 900 agit3
752 849 796 888 ad
828 849 903 887 hoc
933 849 1056 887 studia
1085 848 1337 888 Numidarum
1370 850 1408 888 in
1431 849 1571 900 Iugur-

157 910 259 948 tham
281 920 464 955 accensa,
497 919 541 946 ex
563 906 724 957 quihus,
757 906 787 944 si
810 906 923 944 talem
945 906 1068 943 virum
1091 905 1188 944 dolis
1210 906 1489 954 interfecisset,
1523 918 1570 945 ne

115 970 134 1005 7
158 978 231 1017 qua
263 965 399 1003 seditio
431 969 496 1002 aut
525 963 669 1002 bellum
695 963 864 1000 oriretur
893 962 1030 1000 anxius
1052 968 1144 1000 erat.
1194 962 1254 1000 his
1281 961 1570 1002 difficultatibus
1602 968 1638 1000 15
1679 949 1695 997 l

158 1023 447 1061 circumventus
478 1019 543 1058 ubi
567 1019 668 1058 videt
699 1031 825 1069 neque
855 1030 925 1070 per
955 1018 1029 1056 vim
1063 1031 1189 1069 neque
1220 1019 1370 1057 insidiis
1402 1018 1569 1070 opprimi

157 1090 273 1130 posse
301 1078 499 1116 hominem
531 1082 605 1115 tam
627 1083 830 1126 acceptum
852 1073 1118 1126 popularibus,
1151 1075 1254 1125 quod
1285 1081 1366 1113 erat
1386 1075 1570 1126 Iugurtha

157 1147 274 1174 manu
297 1139 501 1185 promptus
524 1140 560 1171 et
580 1132 766 1183 adpetens
789 1131 931 1182 gloriae
952 1130 1148 1172 militaris.
1179 1130 1311 1169 statuit
1331 1143 1418 1169 eum
1440 1131 1571 1170 obiec-

115 1199 134 1231 2
157 1198 238 1230 tare
259 1190 444 1242 periculis
475 1195 512 1227 et
534 1201 578 1227 eo
600 1189 714 1226 modo
745 1188 940 1226 fortunam
961 1192 1162 1237 temptare.
1223 1186 1340 1237 igitur
1369 1187 1469 1225 bello
1491 1187 1571 1226 Nu·

157 1248 331 1287 mantino
353 1246 526 1297 Micipsa,
559 1257 646 1283 cum
674 1244 820 1295 populo
843 1243 1017 1282 Romano
1050 1244 1223 1294 equitum
1255 1248 1367 1293 atque
1398 1243 1571 1294 peditum
1600 1249 1640 1282 20

157 1304 295 1344 auxilia
327 1303 516 1349 mitteret,
553 1313 715 1352 sperans
745 1300 803 1338 vel
834 1300 1063 1339 ostentando
1095 1300 1275 1338 virtutem
1316 1301 1370 1338 vel
1402 1299 1571 1339 hostium

158 1360 311 1399 saevitia
342 1358 452 1397 facilc
484 1370 571 1396 eum
605 1368 846 1403 occasurum,
879 1356 1064 1407 praefecit
1083 1355 1271 1403 Numidis,
1304 1368 1401 1407 quos
1423 1356 1461 1395 in
1483 1355 1572 1395 His·

117 1425 135 1457 3
158 1416 310 1469 paniam
341 1414 527 1453 mittebat.
588 1413 654 1452 sed
686 1426 729 1452 ea
760 1425 822 1452 res
851 1413 967 1463 longe
990 1412 1102 1452 aliter.
1121 1425 1165 1451 ac
1186 1418 1291 1451 ratus
1321 1418 1402 1452 erat
1432 1412 1571 1452 evenit.

116 1481 136 1512 4
159 1485 245 1513 nam
278 1471 477 1522 Iugurtha,
509 1475 551 1509 ut
580 1477 663 1508 erat
683 1470 837 1520 inpigro
860 1475 974 1520 atque
1004 1470 1081 1507 acri
1115 1469 1285 1520 ingenio,
1308 1469 1373 1507 ubi
1396 1475 1570 1508 naturam

158 1530 200 1569 P.
233 1527 441 1579 Scipionis,
474 1526 540 1577 qui
571 1532 652 1564 tum
675 1525 858 1564 Romanis
890 1525 1099 1576 imperator
1131 1531 1230 1572 erat,
1263 1530 1300 1563 et
1329 1537 1476 1564 morem
1498 1525 1569 1576 hof
1599 1531 1637 1563 25

157 1586 274 1625 stium
298 1582 491 1634 cognovit,
512 1581 634 1621 multo
657 1581 788 1620 labore
805 1581 1001 1632 multaque
1023 1593 1128 1628 cura,
1150 1589 1347 1632 praeterea
1366 1581 1571 1621 modestis-

156 1654 266 1681 sume
288 1640 459 1693 parendo
482 1644 519 1677 et
540 1651 654 1690 saepe
684 1638 833 1676 obviam
855 1638 982 1676 eundo
1005 1637 1189 1688 periculis
1221 1638 1259 1676 in
1282 1643 1424 1677 tantam
1458 1637 1570 1677 clari-

156 1698 329 1738 tudinem
352 1696 456 1735 brevi
479 1700 719 1747 pervenerat,
742 1700 785 1732 ut
806 1694 949 1732 nostris
970 1694 1218 1732 vehementer
1240 1706 1365 1741 carus,
1397 1694 1569 1733 Numan-

114 1763 132 1794 5
155 1755 248 1794 tinis
263 1765 443 1792 maxumo
460 1751 599 1790 terrori
618 1758 730 1789 esset.
763 1762 806 1788 ac
827 1762 932 1797 sane,
955 1750 1059 1801 quod
1076 1750 1358 1789 difficillumum
1376 1751 1415 1789 in
1434 1750 1568 1802 primis

157 1817 226 1859 est,
250 1816 287 1849 et
308 1808 456 1861 proelio
479 1814 663 1847 strenuus
694 1814 775 1846 erat
796 1812 832 1844 et
852 1805 980 1844 bonus
1002 1806 1178 1852 consilio,
1209 1819 1374 1857 quorum
1405 1807 1568 1846 alterum
1599 1812 1638 1845 30

157 1881 203 1907 ex
224 1865 465 1918 providentia
486 1864 677 1911 timorem,
707 1863 870 1902 alterum
894 1875 939 1900 ex
959 1862 1116 1901 audacia
1145 1863 1397 1902 temeritatem
1419 1863 1569 1902 adferre

115 1930 134 1962 6
157 1926 387 1976 plerumque
417 1921 527 1960 solet.
577 1920 695 1970 igitur
717 1919 926 1970 imperator
955 1919 1081 1957 omnis
1116 1919 1197 1958 fere
1226 1931 1288 1958 res
1316 1931 1472 1970 asperas
1500 1931 1571 1971 per

156 1979 382 2030 Iugurtham
404 1989 530 2027 agere,
552 1977 592 2015 in
614 1976 746 2014 amicis
766 1975 920 2022 habere,
951 1975 1073 2026 magis
1097 1975 1298 2026 magisque
1319 1988 1405 2014 eum
1428 1975 1467 2015 in
1489 1975 1571 2014 dies

157 2035 358 2087 amplecti,
390 2034 536 2084 quippe
559 2032 669 2071 cuius
691 2044 818 2083 neque
841 2031 1047 2070 consilium
1069 2044 1196 2083 neque
1226 2032 1423 2083 inceptum
1447 2031 1568 2070 ullum

117 2099 134 2131 7
159 2094 302 2132 frustra
325 2096 416 2129 erat.
458 2090 536 2128 huc
557 2088 767 2128 adcedebat
790 2088 1055 2127 munificentia
1079 2088 1196 2127 animi
1219 2096 1255 2127 et
1276 2088 1409 2138 ingeni
1432 2089 1568 2127 soller-
1598 2092 1637 2126 35

160 2150 224 2197 tia,
247 2147 334 2199 quis
357 2147 473 2185 rebus
495 2146 567 2184 sibi
591 2144 731 2184 multos
754 2157 796 2183 ex
821 2144 1004 2184 Romanis
1026 2144 1202 2183 familiari
1224 2144 1388 2184 amicitia
1411 2144 1578 2183 coniun-

160 2212 278 2245 xerat.

115 2265 137 2302 8
272 2260 323 2299 Ea
345 2264 572 2311 tempestate
589 2258 628 2296 in
652 2257 820 2297 exercitu
841 2262 974 2296 nostro
999 2257 1106 2295 suere
1129 2257 1338 2309 conplures
1356 2255 1443 2295 novi
1461 2262 1577 2307 atque

161 2317 322 2362 nobiles,
349 2316 490 2367 quibus
512 2314 663 2354 divitiae
687 2314 789 2352 bono
812 2313 1056 2363 honestoque
1077 2313 1249 2364 potiores
1272 2318 1393 2360 erant,
1426 2312 1575 2352 factiosi

249 2417 268 2449 2
295 2414 431 2447 iaculari
456 2414 607 2457 equitare
633 2414 741 2446 Μαεν.
768 2424 842 2445 eoec.
861 2414 971 2445 Paris.
987 2423 1021 2454 p.
1039 2412 1106 2445 624
1133 2413 1242 2444 Diom.
1263 2411 1283 2443 I.
1302 2422 1328 2445 c.
1356 2413 1422 2449 (sic
1439 2411 1512 2444 cod.
1536 2410 1576 2452 B,

160 2461 296 2494 iaculari
322 2471 386 2493 om.
417 2460 502 2501 AM)
529 2460 560 2492 II.
586 2470 632 2492 cc.
653 2458 664 2503 Η
682 2458 786 2502 gloria
811 2468 875 2491 om.
890 2458 1006 2489 Diom.
1029 2458 1047 2490 Ι.
1072 2469 1098 2490 c.
1119 2457 1165 2498 {13
1187 2461 1276 2490 esset
1290 2458 1319 2489 P
1331 2456 1342 2500 Η
1362 2459 1380 2489 5
1408 2456 1517 2489 facere
1542 2459 1575 2489 et

160 2507 330 2538 minimum
353 2505 406 2538 PC
418 2508 561 2548 praeter
585 2515 705 2540 unum.
731 2508 764 2536 et
788 2514 852 2536 om.
876 2503 1010 2535 Fronto
1036 2506 1069 2534 et
1084 2502 1237 2535 Macrob.
1263 2502 1294 2535 ll.
1315 2513 1360 2535 ce.
1382 2501 1393 2545 ΙΙ
1414 2503 1451 2535 11
1477 2511 1577 2544 opor·

162 2552 286 2585 (unitas
312 2561 356 2582 (ηε
380 2549 620 2593 oportunitatis
645 2549 697 2593 ΡΗ
722 2552 757 2582 15
784 2548 954 2590 orii-crtus]
980 2550 1031 2580 sic
1054 2547 1109 2580 PC
