1709 2885
176 113 229 166 94
678 113 712 147 G.
731 112 936 147 SALLUSTI
960 112 1096 147 CRISPI

134 226 152 257 7
177 218 341 258 consilio
361 217 501 257 melius
522 223 639 268 gesta.
691 228 779 256 nam
801 215 958 255 castello
978 216 1150 255 virorum
1170 220 1286 267 atque
1315 227 1511 255 armorum
1532 227 1594 256 sa·

175 275 226 315 tis
255 280 293 314 et
320 286 457 326 magna
487 273 543 313 vis
571 272 755 313 frumenti
778 278 815 311 et
834 273 924 311 fons
943 284 1084 324 aquae;
1114 271 1322 323 aggeribus
1342 272 1594 324 turribusque

178 338 215 371 et
235 330 321 370 altis
340 329 693 370 machinationibus
714 329 823 368 locus
845 329 1096 381 inportunus,
1120 329 1192 367 iter
1212 328 1509 368 castellanorum
1524 340 1594 368 an-

135 393 154 425 8
178 393 335 439 gustum
356 386 576 434 admodum,
601 386 798 437 utrimque
819 385 1037 437 praecisum
1060 415 1068 423 .
1093 415 1100 423 .
1122 416 1130 423 .
1152 416 1160 423 .
1182 385 1315 424 vineae
1336 396 1424 424 cum
1445 384 1594 436 ingenti

177 443 353 496 periculo
370 444 512 482 frustra
528 442 754 492 agebantur.
786 454 874 481 nam
892 453 979 481 cum
995 454 1062 481 eae
1079 441 1194 493 paulo
1209 447 1492 492 processerant,
1514 441 1595 492 igni

134 506 154 539 9
178 506 243 540 aut
271 499 464 552 lapidibus
494 497 875 550 conrumpebantur,
904 497 1045 537 milites
1074 510 1202 549 neque
1222 509 1294 549 pro
1324 509 1443 549 opere
1464 497 1595 537 consi-

178 563 280 596 stere
311 562 475 608 propter
503 555 746 606 iniquitatem
775 553 850 593 loci
882 567 1009 606 neque
1030 554 1132 593 inter
1151 554 1282 593 vineas
1313 554 1398 593 sine
1418 552 1594 606 periculo

177 612 467 652 administrare:
491 617 675 663 optumus
698 611 863 662 quisque
883 611 1019 651 cadere
1039 617 1104 650 aut
1129 610 1315 659 sauciari,
1345 610 1485 650 ceteris
1513 621 1594 648 me-

95 670 152 707 93
175 675 239 708 tus
260 668 405 720 augeri.
447 673 484 707 at
504 668 648 707 Marius
669 667 800 706 multis
822 667 957 707 diebus
979 674 1016 706 et
1037 666 1235 706 laboribus
1256 665 1500 718 consumptis
1525 677 1594 705 an-

175 726 262 764 xius
297 725 450 764 trahere
480 737 567 763 cum
599 724 728 763 animo
765 735 835 762 suo
871 725 1115 763 omitteretne
1152 724 1374 774 inceptum,
1409 722 1592 774 quoniam

175 782 319 821 frustra
342 787 441 829 erat,
463 793 510 820 an
534 781 729 820 fortunam
751 780 1018 832 opperiretur,
1042 792 1116 830 qua
1138 791 1254 831 saepe
1283 790 1472 830 prospere
1500 790 1595 818 usus

133 844 151 877 2
174 838 312 877 fuerat.
354 849 452 889 quae
474 849 561 876 cum
584 837 727 876 multos
749 837 830 875 dies
852 836 1055 887 noctisque
1076 844 1256 875 aestuans
1286 835 1468 886 agitaret,
1496 834 1595 873 sorte

175 894 332 946 quidam
362 894 482 944 Ligus
513 905 559 932 ex
589 892 815 932 cohortibus
845 892 1054 931 auxiliariis
1082 893 1192 931 miles
1228 892 1428 943 gregarius
1458 891 1595 930 castris

174 956 358 1002 aquatum
388 962 570 1000 egressus
597 949 701 989 haud
731 949 871 1001 procul
892 948 938 988 ab
959 949 1077 988 latere
1099 948 1264 995 castelli,
1287 948 1392 999 quod
1414 959 1592 986 avorsum

172 1007 456 1059 proeliantibus
479 1012 578 1053 erat,
602 1006 774 1045 animum
796 1005 960 1044 advortit
980 1006 1081 1044 inter
1106 1018 1194 1044 saxa
1225 1005 1398 1056 repentis
1430 1003 1592 1053 cocleas,

174 1075 339 1115 quarum
360 1075 450 1102 cum
472 1075 590 1102 unam
610 1070 726 1114 atque
748 1062 918 1108 alteram,
939 1061 1028 1099 dein
1051 1061 1184 1112 plures
1206 1066 1366 1112 peteret,
1389 1059 1516 1099 studio
1538 1059 1591 1098 le-

129 1126 149 1159 3
174 1120 294 1172 gundi
329 1119 514 1172 paulatim
550 1131 674 1170 prope
708 1119 752 1158 ad
790 1130 983 1157 summum
1018 1118 1161 1155 montis
1196 1128 1377 1167 egressus
1411 1122 1481 1154 est.
1529 1115 1594 1154 ubi

173 1182 379 1229 postquam
401 1175 649 1214 solitudinem
671 1175 873 1220 intellexit,
895 1186 1003 1213 more
1024 1173 1158 1224 ingeni
1178 1173 1338 1212 humani
1360 1171 1502 1223 cupido
1523 1171 1596 1210 dif-

130 1240 150 1271 4
174 1233 287 1272 ficilia
323 1232 494 1271 faciundi
519 1262 527 1270 .
551 1262 559 1270 .
584 1262 592 1269 .
615 1262 623 1270 .
647 1237 686 1270 et
720 1232 819 1270 forte
856 1230 895 1269 in
922 1242 966 1269 eo
994 1229 1080 1269 loco
1111 1229 1267 1280 grandis
1298 1229 1372 1268 ilex
1402 1227 1597 1267 coaluerat

174 1290 277 1329 inter
305 1301 414 1336 saxa,
445 1288 606 1339 paulum
637 1287 751 1326 modo
780 1299 926 1338 prona,
958 1286 1097 1325 deinde
1118 1286 1256 1325 inflexa
1277 1291 1393 1337 atque
1422 1290 1532 1323 aucta
1554 1283 1593 1323 in

175 1345 438 1393 altitudinem,
469 1357 547 1395 quo
581 1349 721 1384 cuncta
751 1343 994 1395 gignentium
1031 1348 1167 1382 natura
1202 1343 1288 1381 fert.
1333 1341 1444 1381 cuius
1479 1340 1597 1380 ramis

173 1402 290 1442 modo
319 1401 435 1440 modo
466 1400 729 1439 eminentibus
758 1400 858 1439 saxis
888 1400 998 1439 nisus
1019 1399 1138 1450 Ligus
1160 1400 1200 1438 in
1232 1398 1378 1438 castelli
1398 1397 1596 1450 planitiem

174 1459 370 1511 pervenit,
406 1458 509 1509 quod
546 1458 678 1496 cuncti
712 1456 901 1496 Numidae
936 1456 1075 1495 intenti
1108 1455 1391 1507 proeliantibus
1427 1453 1595 1493 aderant.

132 1522 151 1552 5
175 1515 384 1566 exploratis
406 1513 588 1552 omnibus
609 1525 707 1564 quae
728 1525 816 1551 mox
838 1512 927 1551 usui
948 1513 1032 1551 fore
1053 1511 1229 1557 (lucebat,
1262 1511 1393 1550 eadem
1423 1509 1595 1561 regredi-

174 1577 239 1611 tur
259 1583 340 1611 non
360 1576 519 1618 temere,
541 1570 596 1609 uti
618 1569 883 1611 adscenderat,
905 1569 971 1607 sed
993 1575 1187 1619 temptans
1208 1568 1338 1606 omnia
1359 1573 1396 1606 et
1426 1566 1593 1606 circum-

131 1635 151 1667 6
175 1627 358 1680 spiciens.
400 1626 530 1677 itaque
549 1626 713 1665 Marium
735 1637 903 1676 propere
924 1624 1021 1672 adit,
1043 1630 1124 1663 acta
1156 1624 1312 1672 edocet,
1341 1624 1520 1663 hortatur
1547 1622 1594 1661 ab

174 1697 217 1724 ea
239 1689 361 1736 parte,
385 1695 459 1734 qua
480 1683 565 1734 ipse
586 1682 850 1730 adscenderat,
870 1681 1070 1720 castellum
1088 1687 1262 1732 temptet,
1285 1679 1490 1731 pollicetur
1509 1691 1595 1718 sese

264 1785 283 1816 2
310 1789 342 1816 ct
368 1792 489 1825 magna
513 1783 565 1815 uis
591 1781 747 1814 frumenti
771 1782 917 1823 scripsi:
942 1789 1063 1822 magna
1080 1780 1132 1812 uis
1149 1784 1183 1812 et
1200 1779 1356 1812 frumenti
1375 1778 1445 1819 PC,
1470 1783 1505 1811 et
1529 1788 1594 1810 om.

172 1829 278 1871 vulgo
303 1829 315 1871 ss
343 1830 361 1862 3
388 1832 421 1861 et
447 1827 525 1860 altis
550 1827 614 1868 PC,
640 1830 670 1859 et
697 1825 772 1859 aliis
791 1825 845 1865 cz,
875 1835 912 1858 ac
940 1825 1064 1858 talibus
1088 1836 1107 1856 z
1129 1827 1281 1867 optimus
1298 1824 1310 1867 n
1327 1824 1513 1867 praecisum
1539 1850 1546 1856 .
1563 1849 1592 1856 ..

171 1875 291 1907 uineae
314 1875 442 1916 scripsi
465 1874 553 1911 (nisi
574 1875 688 1904 tamen
714 1871 872 1904 codicum
893 1870 1063 1913 praecisae
1083 1870 1307 1902 retinendum
1330 1870 1377 1901 sit
1399 1872 1433 1900 et
1453 1871 1595 1911 praeter·

173 1921 456 1952 coniunctionem
487 1918 560 1950 alia
592 1917 805 1956 exciderint)
817 1929 828 1947 :
864 1942 871 1948 .
896 1916 916 1958 ᾗ
938 1915 1148 1958 ciseauineae
1177 1915 1207 1948 P
1233 1915 1325 1958 (quia
1356 1916 1395 1946 in
1423 1923 1535 1955 marg.
1558 1924 1593 1956 p,

172 1968 213 1997 ut
236 1964 315 2007 quia
340 1963 509 2007 praecisae
538 1963 625 1995 dare
653 1962 828 2002 voluerit),
852 1961 1022 2004 praecisae
1047 1960 1165 1993 uineae
1192 1958 1233 1997 C;
1259 1958 1595 2002 praecisum.uineae

175 2010 278 2051 vulgo
306 2008 317 2050 Η
349 2011 368 2042 8
402 2008 522 2042 sociari
555 2009 596 2048 P,
629 2006 770 2040 sauciari
801 2017 823 2048 p
853 2008 864 2048 Η
900 2008 939 2039 14
971 2009 1153 2049 aequatum
1182 2005 1209 2037 Ρ
1237 2006 1248 2047 ΙΙ
1277 2014 1431 2038 auersum
1462 2015 1500 2045 z,
1537 2001 1594 2036 ad—

172 2064 307 2088 uersum
328 2055 359 2087 P
379 2053 598 2092 (contrarium
622 2064 647 2085 s.
673 2063 698 2084 s.
719 2055 758 2093 p)
787 2052 814 2084 C
835 2050 847 2094 ΙΙ
877 2053 916 2085 15
943 2051 1088 2083 clocleas
1112 2052 1150 2082 in
1173 2060 1286 2092 marg.
1306 2060 1331 2093 p
1351 2049 1367 2127 11.
1384 2050 1422 2083 19
1447 2048 1594 2081 faciundi

276 2103 309 2132 et
332 2101 459 2141 scripsi
483 2101 582 2141 (puto
609 2097 778 2129 eoem‘da‘sse
804 2097 911 2129 talia:
934 2096 1096 2129 intentius
1121 2095 1203 2127 eniti
1227 2122 1233 2128 .
1254 2122 1260 2128 .
1280 2097 1326 2137 .,);
1367 2093 1499 2127 aciundi
1525 2093 1595 2126 ani-

172 2155 263 2178 mum
289 2144 435 2177 aduortit
460 2147 494 2176 et
517 2143 581 2183 PC,
606 2143 628 2175 f.
654 2142 801 2175 animum
825 2142 927 2174 uertit
951 2146 984 2174 et
1012 2140 1038 2173 C
1060 2141 1261 2183 (plur-imit»)
1288 2140 1383 2182 quod
1404 2141 1442 2171 in
1463 2139 1593 2171 arohel.

175 2201 220 2223 επ
253 2201 282 2222 υ.
313 2191 354 2222 15
388 2189 435 2222 ad
465 2188 675 2231 explendam
705 2187 867 2219 lacunam
899 2189 1065 2219 iteratum
1099 2189 1168 2226 est,·
1207 2185 1353 2219 animum
1385 2183 1537 2217 accendit
1574 2195 1592 2214 z

173 2238 291 2278 pauci,
315 2234 461 2267 animum
485 2234 586 2267 uertit
610 2233 787 2265 edebatur.
810 2242 938 2274 par-nm
963 2235 1100 2264 constat
1123 2241 1169 2262 an
1194 2232 1261 2263 huc
1280 2232 1482 2270 pertineant
1505 2238 1594 2270 qnae

175 2292 220 2313 ex
247 2275 452 2313 ‘Sallustio’
487 2278 570 2311 Gall.
594 2279 626 2320 9,
646 2277 698 2319 12,
722 2277 776 2314 20,
802 2288 846 2309 eoe
874 2273 929 2310 ‘S.
959 2272 1187 2319 Iugurthino'
1214 2275 1307 2309 Non.
1333 2286 1368 2318 p.
1396 2273 1459 2307 129
1484 2275 1594 2306 citant

174 2335 266 2359 more
283 2328 409 2366 (amore
426 2323 531 2365 Non.)
556 2324 722 2357 humanae
747 2322 913 2365 cupidinis
930 2322 1045 2364 ignara
1062 2320 1192 2354 uisendi
1211 2319 1224 2365 11
1240 2320 1323 2354 silex
1340 2321 1370 2353 P
1383 2319 1395 2362 ΙΙ
1411 2320 1453 2352 20
1471 2317 1592 2351 deinde

173 2371 298 2404 inflexa
314 2370 378 2409 PC,
404 2369 523 2403 deinde
548 2369 634 2402 flexa
658 2368 714 2400 vel
735 2367 810 2400 dein
838 2367 923 2400 flexa
942 2366 993 2410 Cu
1013 2368 1055 2400 22
1081 2365 1181 2399 modo
1205 2365 1304 2399 modo
1322 2364 1384 2402 PC.
1410 2363 1509 2396 modo
1536 2362 1592 2396 de-

173 2416 250 2449 inde
269 2416 296 2449 C
312 2414 324 2458 ss
341 2417 382 2448 23
404 2415 438 2447 in
456 2413 587 2447 castelli
611 2413 788 2456 planiciem
814 2412 967 2455 peruenit
983 2411 1040 2444 PC
1054 2414 1172 2453 itaque
1189 2411 1274 2454 legit
1288 2410 1413 2443 Front.
1432 2409 1541 2442 Str-at.
1558 2410 1590 2447 3,

173 2461 236 2503 9‚3
249 2462 323 2502 (ubi
340 2459 381 2492 ad
398 2470 527 2493 summa
542 2459 764 2502 peruenerat),
785 2457 914 2490 castelli
933 2457 1110 2501 planiciem
1128 2453 1591 2499 perscribit(unusperuenit‚

172 2518 198 2540 s.
216 2518 242 2540 s.
259 2505 455 2549 perscripsit
478 2505 532 2538 uel
553 2503 784 2546 inuestigauit)
804 2503 837 2542 C,
863 2501 1027 2545 perrepsit
1052 2512 1143 2534 corr.
1161 2503 1198 2533 in
1221 2512 1252 2542 z,
1276 2503 1395 2542 itaque
1414 2498 1561 2532 Orc-Ilius

175 2553 216 2585 23
241 2550 331 2584 haud
352 2554 432 2593 post
454 2550 575 2582 intenti
600 2550 725 2581 inserit
745 2549 781 2586 Ρ,
807 2552 863 2580 aut
888 2557 1026 2580 erasum
1050 2549 1088 2578 in
1113 2546 1246 2579 duobus
1268 2546 1301 2587 C,
1326 2548 1363 2577 in
1386 2544 1590 2586 reliquisff)

175 2607 239 2629 om.
257 2596 270 2639 ΙΙ
289 2597 332 2629 24
356 2595 472 2628 eadem
500 2595 563 2630 PC.
596 2593 713 2627 eodem
743 2592 793 2636 Cll
814 2594 854 2625 27
885 2591 1081 2626 ascenderat
1106 2591 1170 2632 PC,
1198 2590 1415 2624 descenderat
1443 2589 1470 2622 C

1055 2760 1075 2777 Ο
