1709 2885
187 69 240 110 48
693 71 726 103 C.
746 69 949 103 SALLUSTI
975 68 1109 102 CRISPI

189 173 317 224 magni
340 174 433 213 estis
454 179 489 212 et
512 173 700 224 opulenti,
723 172 851 211 omnia
874 171 1043 211 secunda
1066 177 1102 210 et
1122 170 1364 210 oboedientia
1385 179 1497 219 sunt;
1520 183 1599 223 quo

128 238 167 270 20
189 229 340 269 facilius
361 230 555 268 sociorum
573 229 735 268 iniurias
756 240 892 267 curare
912 227 1014 267 licet.
1064 234 1214 266 tantum
1236 227 1330 266 illud
1352 240 1500 275 vereor,
1531 240 1599 267 ne-

193 298 291 337 quos
312 286 456 337 privata
478 286 641 324 amicitia
665 284 873 336 Iugurthae
903 296 1038 335 parum
1061 283 1213 334 cognita
1236 289 1478 323 transvorsos
1499 288 1599 334 agat,

192 354 291 393 quos
321 354 391 394 ego
421 342 534 381 audio
564 354 739 381 maxuma
770 353 844 391 ope
866 340 935 379 niti
965 340 1109 379 ambire
1138 340 1295 391 fatigare
1317 351 1382 379 vos
1410 340 1600 391 singulos,

194 398 338 450 nequid
360 399 405 438 de
427 399 585 438 absente
611 398 808 448 incognita
830 409 941 437 cansa
963 396 1150 443 statuatis,
1182 397 1327 447 fingere
1349 409 1409 435 me
1431 397 1544 435 verba
1566 400 1603 434 et
1631 403 1649 434 5

129 464 163 496 21
191 456 320 506 sugam
337 455 531 502 simulare,
549 455 611 493 cui
627 454 778 493 licuerit
794 453 832 492 in
851 465 971 504 regno
987 465 1154 492 manere.
1193 452 1296 503 quod
1315 453 1460 492 utinam
1481 452 1602 499 illum,

193 511 304 550 cuius
325 511 432 562 inpio
455 511 624 550 facinore
647 512 686 550 in
708 511 777 548 has
806 509 978 549 miserias
1000 509 1195 561 proiectus
1217 521 1302 548 sum
1316 540 1325 556 ,
1357 510 1486 548 eadem
1509 509 1603 548 haec

193 567 436 606 simulantem
458 567 619 614 videam,
643 574 679 606 et
700 566 904 617 aliquando
927 573 992 605 aut.
1010 566 1113 617 apud
1135 577 1200 603 vos
1222 573 1285 605 aut
1306 565 1408 615 apud
1430 565 1521 604 deos
1543 565 1603 604 in-

193 623 365 662 mortalis
385 636 515 662 rernm
537 624 793 662 humanarum
815 635 905 662 cura
928 623 1093 661 oriatur:
1127 635 1174 660 ne
1197 621 1272 669 ille,
1296 622 1359 672 qui
1393 634 1498 661 nunc
1520 633 1604 659 sce-

193 679 341 719 leribus
364 681 445 719 suis
466 680 574 719 ferox
595 686 710 731 atque
731 679 952 730 praeclarus
973 683 1041 725 est,
1073 677 1252 717 omnibus
1275 677 1383 717 malis
1405 676 1603 716 excrucia·
1638 683 1663 714 t
1707 695 1709 700 ¹

195 743 257 775 tus
279 736 473 788 inpietatis
496 737 533 775 in
557 743 755 787 parentem
774 742 963 782 nostrum,
985 735 1112 773 fratris
1135 735 1208 773 mci
1232 734 1337 773 necis
1354 745 1604 784 mearumque

134 800 172 833 22
195 793 438 832 miseriarum
459 793 582 843 gravis
603 804 749 844 poenas
771 791 913 830 reddat.
955 791 1103 830 iamiam
1126 792 1256 838 frater,
1286 789 1414 829 animo
1434 802 1520 828 meo
1543 801 1605 828 ca-

197 850 374 896 rissume,
407 861 639 900 quamquam
662 847 729 887 tibi
761 848 954 886 inmaturo
983 853 1019 886 et
1045 848 1146 886 unde
1174 848 1345 886 minume
1374 846 1504 885 decuit
1533 845 1606 884 vita

197 911 328 956 erepta
351 911 420 953 est,
443 911 569 944 tamen
600 904 817 944 laetandum
842 903 961 954 magis
982 916 1096 955 quam
1119 904 1327 943 dolendum
1351 908 1444 954 puto
1475 913 1607 941 casum

134 971 173 1004 23
197 970 321 1001 tuum.
371 975 451 1001 non
479 962 581 1001 enim
611 973 776 1013 regnum
797 961 863 999 sed
892 962 1019 1011 fugam
1041 960 1195 999 exilium
1230 965 1435 1009 egestatem
1459 966 1495 997 et
1524 969 1606 996 om·
1640 962 1671 993 1
1708 968 1709 972 ’

200 1019 257 1058 nis
279 1019 347 1057 has
369 1031 467 1070 quae
498 1031 557 1058 me
579 1025 764 1070 premunt
791 1029 996 1056 aerumnas
1025 1029 1112 1055 cum
1142 1017 1267 1055 anima
1289 1016 1402 1054 simul
1433 1013 1606 1053 amisisti.

197 1082 234 1114 at
255 1087 326 1126 ego
348 1075 496 1122 infelix,
517 1075 554 1113 in
578 1081 681 1114 tanta
703 1074 799 1113 mala
821 1073 1094 1125 praecipitatus
1113 1085 1156 1110 ex
1179 1072 1302 1122 patrio
1321 1083 1455 1122 regno,
1477 1081 1609 1109 rerum

196 1133 453 1171 humanarum
468 1131 733 1183 spectaculum
753 1130 932 1181 praebeo,
951 1130 1125 1168 incertus
1142 1128 1234 1179 quid
1251 1140 1372 1178 agam,
1395 1135 1532 1166 tuasne
1550 1126 1609 1164 in-

197 1189 315 1227 iurias
337 1200 550 1239 persequar
571 1188 653 1239 ipse
676 1187 791 1225 auxili
825 1197 943 1235 egens
965 1198 1011 1224 an
1035 1196 1157 1235 regno
1180 1184 1393 1231 consulam,
1423 1183 1535 1222 cuius
1557 1181 1610 1220 vi-

134 1253 174 1285 24
197 1253 255 1284 tae
287 1244 473 1295 necisque
504 1250 674 1295 potestas
704 1255 748 1281 ex
780 1242 919 1292 opibus
951 1241 1086 1280 alienis
1116 1240 1270 1292 pendet.
1321 1240 1466 1279 utinam
1489 1238 1610 1278 emori
1650 1257 1669 1268 ι·

197 1300 364 1340 fortunis
393 1300 489 1338 meis
518 1301 706 1338 honestus
737 1298 862 1338 exitus
892 1304 993 1337 esset
1014 1310 1088 1336 neu
1127 1297 1250 1336 vivere
1281 1301 1528 1347 contemptus
1556 1294 1611 1333 vi-

198 1358 322 1403 derer,
348 1356 379 1394 si
402 1357 577 1396 defessus
597 1355 706 1394 malis
736 1354 900 1393 iniuriae
922 1353 1214 1393 concessissem.
1265 1365 1371 1392 nunc
1400 1364 1527 1402 neque
1558 1351 1611 1389 vi-

137 1421 175 1454 25
200 1426 287 1452 vere
316 1413 422 1452 lubet
454 1426 582 1464 neque
610 1412 708 1451 mori
737 1411 826 1450 licet
855 1411 938 1450 sine
968 1411 1167 1449 dedecore.
1228 1418 1356 1461 patres
1387 1407 1612 1458 conscripti,

202 1482 272 1522 per
293 1482 371 1516 vos,
394 1481 464 1520 per
484 1469 628 1508 liberos
650 1474 765 1519 atque
786 1473 966 1518 parentes
988 1473 1149 1512 vostros,
1172 1478 1241 1517 per
1272 1465 1508 1504 maiestatem
1542 1476 1613 1515 po-

203 1526 283 1577 puli
300 1525 478 1571 Romani,
501 1524 701 1564 subvenite
722 1524 815 1562 mihi
838 1523 993 1569 misero,
1025 1524 1074 1561 ite
1097 1522 1244 1561 obviam
1275 1521 1459 1569 iniuriae,
1495 1519 1613 1559 nolite
1707 1555 1709 1560 ,

204 1582 281 1634 pati
305 1594 470 1631 regnum
493 1580 706 1627 Numidiae,
730 1580 833 1631 quod
857 1585 1027 1618 vostrum
1051 1586 1119 1625 est,
1151 1591 1221 1630 per
1242 1578 1368 1617 scelus
1399 1583 1436 1618 et
1458 1575 1617 1627 sangui·
1692 1614 1694 1619 ,

203 1651 290 1678 nem
311 1638 476 1677 familiae
499 1643 654 1676 nostrae
674 1636 897 1675 tabescere*
1668 1642 1670 1644 ·

131 1699 177 1736 15
314 1694 523 1744 Postquam
546 1706 611 1732 rex
633 1694 749 1732 finem
783 1692 966 1743 loquendi
991 1691 1098 1738 fecit,
1130 1690 1240 1741 legati
1265 1690 1472 1741 Iugurthae
1502 1689 1617 1739 largi-

203 1751 309 1795 tione
330 1750 452 1801 magis
484 1761 599 1801 quam
631 1761 743 1788 cansa
765 1749 850 1787 freti
882 1749 1015 1799 paucis
1048 1749 1296 1798 respondent.
1360 1745 1617 1797 Hiempsalem

205 1808 253 1846 ob
283 1807 476 1846 saevitiam
506 1818 614 1845 suam
644 1806 690 1844 ab
720 1804 895 1844 Numidis
926 1804 1192 1851 intersectum,
1231 1802 1483 1842 Adherbalem
1515 1802 1617 1840 ultro
1664 1819 1666 1821 ·
1705 1811 1709 1843 Δ

205 1863 349 1903 bellum
371 1863 618 1909 inserentem,
641 1869 845 1914 postquam
867 1868 1075 1912 superatus
1096 1860 1157 1903 sit,
1181 1861 1291 1911 queri
1314 1858 1415 1911 quod
1439 1858 1621 1898 iniuriam

207 1922 332 1959 facere
353 1920 608 1970 nequivisset:
633 1918 860 1969 Iugurtham
882 1917 927 1956 ab
949 1923 1085 1955 senatu
1108 1923 1240 1967 petere
1262 1929 1310 1955 ne
1342 1927 1383 1954 se
1407 1915 1524 1954 alium
1549 1926 1621 1966 pu-

207 1982 354 2022 tarent,
379 1989 422 2015 ac
437 1975 666 2014 Numantiae
688 1974 868 2024 cognitus
889 1981 1003 2018 esset,
1027 1985 1102 2012 neu
1124 1972 1236 2012 verba
1256 1971 1402 2011 inimici
1419 1978 1507 2011 ante
1524 1971 1622 2009 sacta

165 2040 184 2072 2
209 2045 276 2072 sua
299 2038 504 2084 ponerent.
546 2031 683 2070 deinde
706 2030 861 2080 utrique
883 2030 989 2069 curia
1012 2029 1278 2080 egrediuntur.
1314 2034 1473 2067 senatus
1494 2026 1622 2066 statim

210 2088 440 2129 consulitur.
491 2089 661 2127 fautores
692 2087 920 2137 legatorum,
952 2093 1149 2137 praeterea
1179 2093 1336 2125 senatus
1366 2096 1502 2133 magna
1535 2094 1623 2134 pars

210 2145 330 2196 gratia
355 2145 556 2196 depravata
578 2143 804 2183 Adherbalis
834 2143 933 2182 dicta
964 2149 1234 2189 contemnere,
1266 2140 1473 2191 Iugurthae
1505 2139 1624 2179 virtu-

302 2281 317 2311 7
346 2279 440 2311 euius
465 2277 535 2313 PC.
569 2277 689 2320 quoius
715 2276 788 2318 Vp
814 2278 850 2307 in
874 2286 985 2317 marg.
1004 2275 1015 2318 Η
1035 2277 1054 2308 9
1080 2285 1120 2308 ne
1147 2275 1221 2316 Vp
1246 2276 1283 2306 in
1308 2283 1419 2315 marg.
1453 2272 1498 2308 C,
1527 2276 1563 2304 nt
1590 2270 1626 2312 C,

213 2328 267 2356 ut*
295 2326 322 2363 (t
346 2325 384 2355 in
408 2334 488 2363 raa,
518 2334 538 2355 u
563 2325 641 2365 post
664 2324 781 2357 inser.)
807 2321 859 2364 ΡΗ
879 2323 917 2354 21
947 2331 1009 2354 neu
1038 2320 1150 2353 uiuere
1178 2320 1363 2353 Gruterus:
1395 2327 1437 2350 ne
1462 2318 1575 2350 uiuere
1600 2317 1631 2349 P
1656 2345 1658 2349 ,

213 2369 288 2408 (sed
312 2379 356 2401 θα*
377 2377 485 2409 corr.)
513 2367 548 2409 C,
574 2377 635 2400 neu
661 2367 731 2400 iure
750 2365 812 2399 VC
824 2366 836 2409 ΙΙ
855 2368 896 2399 23
923 2375 996 2408 neq.
1023 2365 1126 2398 emori
1151 2365 1222 2398 sine
1247 2363 1409 2397 dedocere
1425 2362 1482 2406 Vn
1502 2363 1543 2395 24
1569 2371 1626 2404 per

213 2423 367 2457 nos—p.
397 2413 521 2446 romani
541 2423 605 2446 om.
624 2412 682 2455 ΓΙΙ
702 2414 743 2445 26
763 2411 926 2454 qnodnrm
951 2416 1001 2443 est
1030 2424 1113 2440 un
1129 2412 1132 2452 g
1148 2423 1186 2439 u
1215 2418 1272 2452 per
1297 2408 1407 2441 scelus
1438 2410 1551 2448 (erasa
1576 2408 1626 2438 vi-

213 2459 341 2491 dentur
363 2468 386 2502 p
410 2469 482 2491 urm
504 2458 508 2498 Ι
530 2460 578 2497 sc)
596 2457 647 2499 ΡΙΙ
667 2458 707 2490 27
728 2460 860 2489 nostrae
880 2455 948 2496 VC,
973 2455 1030 2489 ure
1048 2456 1099 2498 Pl!
1120 2457 1161 2488 30
1177 2453 1337 2487 infectum
1358 2452 1408 2497 ΡΗ
1429 2454 1469 2486 35
1488 2454 1626 2485 senatus

214 2514 334 2546 magna
358 2513 434 2547 pars
460 2510 548 2545 (pras
566 2504 603 2538 P)
621 2502 682 2543 PC,
707 2511 826 2545 magna
853 2511 927 2544 pars
953 2505 1089 2534 senatus
1115 2499 1168 2532 vel
1189 2508 1310 2541 magna
1327 2502 1464 2531 senatus
1482 2506 1557 2540 pars
1574 2495 1629 2528 vel
1689 2505 1691 2517 <

215 2559 334 2591 magna
360 2558 435 2591 pars
462 2548 496 2588 C,
520 2549 614 2580 unde
639 2552 774 2580 senatus
800 2547 863 2579 del.
893 2547 1062 2579 Gruterus
