1709 2885
143 99 199 139 24
649 101 685 136 C.
703 100 908 135 SALLUSTI
933 100 1068 135 CRlSPl

71 208 123 245 45
145 205 236 259 pius
256 205 455 244 adcedere.
495 204 556 243 his
576 204 695 244 rebus
716 204 766 243 ita
783 203 895 250 actis,
919 203 1126 242 constituta
1148 211 1264 244 nocte
1284 217 1358 257 qua
1387 207 1566 258 proficis-

147 267 344 308 ceremur,
368 259 502 300 Cicero
522 273 594 312 per
615 262 759 311 legatos
781 264 921 299 cuncta
942 259 1102 299 edoctus
1123 260 1166 299 L.
1190 260 1339 300 Valerio
1368 262 1506 302 Flacco
1527 271 1565 304 et

149 317 188 357 C.
206 317 416 368 Pomptino
437 317 682 369 praetoribus
704 317 867 367 imperat
887 321 931 354 ut
950 316 990 355 in
1012 322 1131 368 ponte
1151 316 1291 356 Mulvio
1311 330 1383 369 per
1403 319 1564 359 insidias

146 373 401 424 Allobrogum
425 374 629 412 comitatus
652 372 958 424 deprehendant.
1009 385 1090 412 rem
1113 385 1267 412 omnem
1289 374 1426 425 aperit,
1452 375 1564 415 euius

148 429 268 480 gratia
288 429 553 477 mittebantur,
576 436 724 477 cetera,
747 428 804 467 uti
825 428 925 467 sacto
947 441 1047 480 opus
1068 430 1130 476 sit,
1157 429 1207 468 ita
1229 435 1343 481 agant
1362 432 1562 482 permittit.

103 493 123 526 2
147 486 216 534 illi,
245 486 424 525 homines
444 486 642 531 militares,
673 486 757 523 sine
782 484 948 524 tumultu
970 485 1173 537 praesidiis
1195 486 1420 535 conlocatis,
1449 488 1565 527 sicuti

101 549 122 582 3
147 548 399 594 praeceptum
423 547 515 590 erat,
540 542 691 580 occulte
713 546 872 592 pontem
894 540 1091 581 obsidunt.
1133 548 1340 593 postquam
1361 543 1406 582 ad
1429 543 1465 582 id
1487 543 1564 584 loci

143 598 258 649 legati
280 610 368 636 cum
384 597 583 637 Volturcio
607 603 799 637 venerunt
819 602 857 636 et
876 597 990 636 simul
1012 598 1208 649 utrimque
1235 598 1379 638 clamor
1407 606 1563 640 exortus

147 660 221 702 est,
243 654 341 693 Galli
363 655 439 693 cito
463 655 620 706 cognito
644 653 806 693 consilio
828 653 913 692 sine
934 666 1041 693 mora
1061 654 1307 706 praetoribus
1328 669 1369 695 se
1389 656 1562 704 tradunt,

99 718 120 751 4
142 711 366 750 Volturcius
386 711 514 762 primo
549 711 772 749 cohortatus
802 715 951 749 ceteros
971 709 1096 761 gladio
1117 723 1157 749 sc
1179 724 1198 750 a
1220 711 1467 752 multitudine
1495 713 1562 752 de-

141 767 286 814 fendit,
318 767 456 806 deinde
479 767 543 806 ubi
565 779 585 804 a
614 766 750 817 legatis
771 766 947 806 desertus
976 772 1055 814 est,
1084 767 1202 806 multa
1225 768 1336 819 prius
1365 768 1413 807 de
1441 768 1565 808 salute

143 836 213 863 sua
234 823 489 874 Pomptinum
521 822 756 870 obtestatus,
788 823 893 873 quod
917 823 950 862 ei
973 829 1089 862 notus
1111 831 1211 870 erat,
1242 830 1440 875 postremo
1463 825 1564 864 timi-

143 880 215 919 dus
237 892 281 918 ac
300 880 399 918 vitae
422 880 599 918 diffidens
620 879 726 918 velut
745 879 922 918 hostibus
943 891 1028 918 sese
1048 879 1292 931 praetoribus
1315 881 1430 919 dedit.

67 939 119 976 46
256 936 406 981 Quibus
428 935 545 975 rebus
578 935 764 974 consectis
787 935 915 975 omnia
939 947 1106 987 propere
1128 948 1199 987 per
1227 937 1388 976 nuntios
1409 937 1561 976 consuli

97 999 118 1032 2
142 991 402 1032 declarantur.
438 998 475 1031 at
492 992 601 1031 illum
617 993 757 1043 iugens
774 1003 864 1030 cura
883 996 1000 1042 atque
1016 992 1157 1031 laetitia
1175 993 1289 1031 simul
1307 1005 1559 1044 occupavere.

142 1060 231 1088 nam
253 1048 466 1088 laetabatur
486 1048 717 1098 intellegens
739 1048 1007 1087 coniuratione
1029 1050 1215 1100 patefacta
1245 1050 1434 1088 civitatem
1457 1050 1562 1102 peri-

141 1105 242 1144 culis
265 1110 436 1156 ereptam
468 1117 574 1152 esse,
606 1117 724 1155 porro
751 1110 877 1143 autem
909 1105 1047 1143 anxius
1069 1110 1169 1152 erat,
1201 1105 1381 1144 dubitans
1410 1106 1449 1144 in
1481 1117 1562 1144 ma-

138 1173 256 1200 xumo
278 1161 426 1200 scelere
456 1161 571 1200 tantis
593 1161 741 1199 civibus
771 1161 1025 1212 deprehensis
1055 1161 1148 1211 quid
1176 1161 1276 1199 facto
1307 1173 1408 1212 opus
1439 1169 1559 1201 esset:

140 1229 309 1269 poenam
330 1217 486 1256 illorum
510 1217 582 1256 sibi
605 1217 736 1263 oneri,
760 1217 1030 1267 impunitatem
1052 1216 1278 1268 perdundae
1298 1217 1353 1255 rei
1384 1217 1562 1268 publicae

95 1281 115 1314 3
138 1275 223 1313 fore
245 1274 437 1313 credebat.
474 1273 592 1325 igitur
614 1275 840 1311 contii-mato
862 1273 992 1311 animo
1013 1273 1140 1311 vocari
1161 1274 1206 1312 ad
1227 1285 1312 1312 sese
1335 1273 1442 1313 iubet
1455 1274 1560 1313 Len-

138 1330 266 1370 tulum
299 1330 511 1380 Cethegum
542 1329 737 1368 Statilium
770 1328 976 1368 Gabinium
1008 1329 1177 1380 itemque
1209 1327 1435 1381 Caeparium
1466 1330 1562 1370 Ter-

139 1387 406 1432 racinensem,
431 1386 497 1437 qui
518 1386 557 1424 in
580 1385 759 1437 Apuliam
781 1385 824 1423 ad
848 1386 1082 1424 concitanda
1105 1385 1257 1425 servitia
1278 1386 1471 1438 proficisci
1493 1399 1562 1438 pa-

93 1450 114 1482 4
139 1442 259 1482 rabat.
320 1442 438 1481 ceteri
470 1442 554 1481 sine
585 1454 691 1480 mora
723 1441 904 1487 veniunt,
938 1440 1147 1493 Caeparius
1177 1442 1294 1494 paulo
1325 1448 1413 1481 ante
1444 1443 1559 1482 domo

94 1506 115 1538 5
139 1510 322 1549 egressus
344 1498 500 1549 cognito
524 1498 672 1536 indicio
704 1510 748 1536 ex
772 1497 867 1536 urbe
889 1499 1126 1548 profugerat.
1177 1498 1313 1538 consul
1335 1498 1559 1547 Lentulum,

137 1555 243 1606 quod
273 1559 431 1606 praetor
462 1559 562 1601 erat⁷
602 1554 686 1605 ipse
724 1565 840 1592 manu
882 1562 1022 1593 tenens
1061 1555 1114 1603 [in
1145 1555 1336 1604 senatum]
1367 1556 1558 1606 perducit,

136 1611 312 1662 reliquos
349 1622 438 1649 cuin
480 1610 707 1649 custodibus
743 1610 781 1648 in
819 1610 950 1649 aedem
994 1609 1233 1649 Concordiae
1267 1612 1398 1650 venire
1438 1612 1558 1651 iubet.

94 1674 114 1707 6
138 1680 183 1707 eo
244 1673 420 1706 senatum
480 1667 637 1705 advocat
696 1678 913 1717 magnaque
982 1666 1199 1717 frequentia
1258 1668 1342 1706 eius
1411 1669 1560 1708 ordinis

136 1723 382 1763 Volturcium
413 1735 502 1762 cum
532 1723 668 1773 legatis
699 1722 934 1768 infroducit‚
987 1722 1166 1761 Flaccum
1202 1729 1421 1774 praetorem
1461 1725 1559 1764 scri·

137 1781 247 1819 nium
269 1792 358 1819 cum
379 1779 531 1827 litteris,
567 1791 663 1830 quas
684 1790 704 1817 a
721 1778 855 1829 legatis
877 1785 1093 1829 acceperat,
1116 1779 1250 1819 eodem
1271 1780 1422 1820 adferre
1438 1781 1557 1820 iubet.

64 1839 113 1876 47
136 1836 361 1876 Volturcius
392 1837 656 1886 interrogatus
687 1835 733 1874 dc
764 1835 923 1882 itinere,
955 1835 1002 1873 de
1032 1835 1191 1884 litteris,
1233 1842 1431 1887 postremo
1463 1837 1555 1888 quid

136 1900 202 1933 aut
222 1905 298 1944 qua
319 1893 366 1931 de
388 1904 500 1931 causa
523 1892 660 1930 consili
683 1890 901 1938 habuisset,
933 1892 1061 1942 primo
1082 1892 1230 1942 fingere
1250 1892 1321 1931 alia
1335 1923 1344 1940 ,
1375 1893 1557 1933 dissimu-

133 1949 215 1988 lare
247 1949 293 1988 de
325 1948 620 1995 coniuratione3
661 1954 751 1999 post
780 1947 845 1986 ubi
876 1949 950 1986 tide
980 1947 1136 1999 publica
1166 1948 1294 1987 dicere
1325 1949 1457 1989 iussus
1487 1956 1558 1998 est,

135 2005 263 2044 omnia
297 2005 350 2044 uti
381 2009 487 2055 gesta
519 2011 627 2042 eraut
648 2003 771 2055 aperit
801 2004 992 2055 docetque
1022 2016 1063 2043 se
1094 2004 1229 2056 paucis
1250 2010 1340 2044 ante
1371 2005 1508 2046 diebus
1537 2018 1558 2046 a

136 2061 300 2101 Gabinio
333 2066 370 2099 et
392 2060 576 2111 Caepario
607 2060 755 2099 socium
778 2060 967 2098 adscitum
989 2060 1086 2099 nihil
1108 2061 1275 2112 amplius
1307 2061 1409 2100 scire
1440 2074 1556 2113 quam

133 2119 283 2169 legatos
298 2148 307 2164 ‚
339 2123 488 2155 tantum
509 2117 624 2155 modo
646 2116 778 2154 audire
809 2116 965 2155 solitum
988 2129 1033 2155 ex
1064 2117 1227 2156 Gabinio
1249 2116 1291 2156 Ρ.
1321 2118 1555 2158 Autronium

136 2174 219 2214 Ser.
251 2173 396 2213 Sullam
430 2173 472 2212 L.
505 2172 804 2224 Vargunteium,
836 2173 979 2211 multos
1010 2179 1209 2224 praeterea
1239 2174 1280 2212 in
1301 2185 1344 2213 ea
1375 2175 1557 2214 coniura-

91 2237 110 2270 2
136 2231 243 2270 tione
274 2242 371 2269 esse.
432 2229 563 2268 eadem
597 2229 693 2269 Galli
724 2229 895 2268 fatentur
934 2242 977 2268 ac
1008 2229 1219 2269 Lentulum
1250 2229 1555 2270 dissimulantem

225 2354 243 2386 3
268 2351 395 2384 moluio
420 2346 469 2382 ‘in
487 2353 642 2392 antiquis
660 2350 693 2383 S.
714 2346 828 2382 libris’
856 2353 972 2383 nescio
995 2353 1121 2393 quibus
1136 2353 1293 2394 repperit
1310 2350 1347 2382 G.
1365 2340 1555 2383 Fabricius

131 2397 263 2431 Romae
283 2407 317 2438 p.
333 2397 398 2429 150
413 2395 424 2439 Η
445 2398 463 2428 4
489 2395 737 2438 deprehendant
763 2406 807 2427 αι·
831 2396 1072 2439 reprughcndaiit
1098 2397 1150 2439 ΡΙΙ
1169 2399 1189 2431 6
1213 2395 1275 2428 illi·
1297 2397 1326 2435 (s
1344 2396 1460 2436 e1·.)1’,
1485 2395 1553 2429 illis

130 2442 245 2475 velilli
259 2441 285 2474 C
300 2440 312 2485 ΙΙ
332 2443 371 2474 13
387 2441 478 2473 uelut
498 2440 651 2473 hostibus
666 2452 710 2473 eac
723 2440 956 2473 ueludostibus
970 2443 999 2473 Ρ
1014 2441 1024 2484 ΙΙ
1047 2444 1084 2475 18
1099 2445 1189 2474 esset
1204 2440 1237 2476 C.
1251 2440 1295 2472 sit
1311 2439 1338 2472 C
1352 2441 1554 2483 deteriores,

133 2493 203 2520 erat
227 2487 336 2530 P1121
367 2486 533 2529 quendam
558 2489 638 2517 ante
663 2486 716 2518 vel
735 2489 814 2528 post
838 2486 1026 2528 caeparium
1052 2489 1156 2519 inser.
1173 2485 1207 2527 C,
1232 2495 1296 2518 om.
1318 2485 1396 2527 ΡΟΙΙ
1417 2486 1553 2519 terraci-

132 2542 270 2566 nensem
287 2531 352 2572 PC,
377 2531 634 2564 tarracinensem
655 2531 681 2563 C
697 2530 708 2574 Η
725 2531 897 2573 cat-parius
924 2535 956 2563 et
972 2532 1146 2574 voeparius
1158 2532 1359 2573 promiscue
1375 2531 1405 2563 P
1419 2530 1431 2574 ΙΙ
1447 2532 1490 2564 24
1509 2541 1551 2564 ex

131 2578 214 2611 urbe
230 2576 295 2620 PC,
321 2586 384 2609 om.
403 2576 429 2609 C
442 2576 453 2621 Η
474 2578 514 2610 25
541 2577 573 2608 in
599 2579 752 2609 senatum
777 2576 840 2608 del.
861 2575 998 2608 Cortz'ns
1014 2577 1027 2621 l}
1046 2578 1087 2610 36
1105 2576 1338 2618 uargonteium
1356 2576 1386 2608 P

1594 719 1632 752 10

1589 1280 1631 1312 20

1588 1561 1629 1594 25

1587 1843 1627 1876 30

1586 2125 1626 2157 35
