1709 2885
48 678 86 710 10

49 957 84 989 15

24 1493 85 1548 ⁷25

44 1797 86 1830 30

564 63 617 96 DE
642 63 774 96 BELLO
799 62 1060 96 lUGURTHlNO
1446 59 1522 98 103

113 165 422 218 postulabantur.
454 179 496 205 ea
513 166 642 206 Sullae
659 172 695 205 et
710 165 906 217 plerisque
923 165 1116 216 placuere,
1138 164 1251 215 pauci
1268 164 1436 203 ferocius
1457 165 1525 203 de-

114 229 292 270 cernunt,
314 222 459 261 scilicet
480 223 605 273 ignari
627 234 757 261 rerum
777 222 1047 267 humanarum,
1079 232 1176 271 quae
1196 220 1320 259 fluxae
1342 225 1380 258 et
1401 220 1524 259 mobi-

116 277 168 318 les
189 290 342 329 semper
363 279 402 317 in
424 279 581 317 advorsa
602 283 814 317 mutantur.
866 282 1036 317 ceterum
1057 276 1180 315 Mauri
1201 276 1415 327 impetratis
1438 287 1521 314 om·
1547 282 1566 313 3

116 334 228 373 nibus
248 341 326 374 tres
348 334 509 374 Romam
536 335 698 386 profecti
721 347 809 373 cum
831 332 899 373 Cn.
930 332 1085 372 Octavio
1106 332 1285 379 Rusone,
1317 333 1383 383 qui
1404 344 1522 382 quae-

115 395 197 429 stor
223 391 458 442 stipendium
489 391 528 429 in
557 391 722 430 Africam
752 396 979 441 portaverat,
1011 389 1086 428 duo
1117 389 1162 426 ad
1184 400 1314 438 regem
1343 389 1521 427 redeunt.

116 458 162 486 ex
182 446 235 485 eis
255 447 432 486 Bocchus
453 459 541 486 cum
563 452 688 486 cetera
703 453 785 485 tum
802 458 977 485 maxume
992 444 1271 495 benignitatem
1294 450 1331 483 et
1351 444 1521 483 studium

114 502 242 541 Sullae
262 503 400 542 lubens
426 503 585 554 accepit.
623 502 764 541 Romae
786 502 921 554 legatis
942 502 1038 549 eius,
1059 507 1266 552 postquam
1287 512 1435 539 errasse
1457 512 1519 539 re·
1544 507 1563 538 4

114 570 199 609 gem
222 564 259 596 et
277 558 487 610 Iugurthae
503 559 648 598 scelere
663 559 812 610 lapsum
829 557 1024 609 deprecati
1039 564 1142 603 sunt,
1165 557 1369 596 amicitiam
1387 563 1423 595 et
1437 557 1519 595 foe-

114 614 185 653 dus
205 615 426 665 petentibus
442 615 515 654 hoc
531 615 644 654 modo
661 615 941 666 respondetur:
955 611 1129 652 ‘senatus
1145 619 1183 651 et
1198 613 1368 664 populus
1383 612 1521 651 Roma·
1543 619 1562 651 5

116 682 191 709 nus
211 670 365 709 benifici
386 678 422 711 et
438 672 601 710 iniuriae
620 683 770 710 memor
790 683 872 709 esse
894 671 1003 709 solet.
1047 676 1218 709 ceterum
1234 669 1403 715 Boccho,
1424 681 1522 721 quo-

115 727 217 765 niam
239 726 422 778 paenitet,
444 727 573 766 delicti
595 728 753 776 gratiam
774 726 884 765 facit:
916 726 1052 765 foedus
1074 732 1111 765 et
1130 725 1293 764 amicitia
1315 725 1522 773 dabuntur,

114 795 203 822 cum
223 779 431 821 meruerit?

225 838 319 884 Quis
350 838 465 877 rebus
489 838 654 888 cognitis
675 838 852 877 Bocchus
874 850 944 889 per
973 838 1117 877 litteras
1148 850 1168 876 a
1188 837 1308 876 Mario
1339 839 1524 889 petiverat
1551 840 1625 876 105

113 895 169 933 uti
191 894 335 933 Sullam
357 894 402 933 ad
424 907 465 933 se
485 894 667 941 mitteret,
698 896 808 934 cuius
831 894 1016 933 arbitratu
1041 894 1087 932 de
1111 895 1382 933 communibus
1405 907 1525 946 nego-

112 950 176 989 tiis
197 950 479 989 consuleretur.
521 950 552 989 is
573 951 714 990 missus
746 963 833 989 cum
865 950 1057 1002 praesidio
1081 950 1253 1000 equitum
1282 957 1397 1002 atque
1418 951 1527 1002 pedi·
1550 956 1569 989 2

112 1014 208 1053 tum,
231 1007 323 1045 item
344 1007 583 1045 funditorum
605 1007 832 1046 Balearium.
874 1013 1071 1058 praeterea
1094 1005 1171 1044 iere
1194 1007 1379 1056 sagittarii
1401 1014 1439 1046 et
1461 1019 1526 1049 eo-

112 1063 204 1101 hors
225 1061 408 1113 Paeligna
434 1075 522 1101 cum
543 1062 761 1102 velitaribus
791 1064 927 1109 armis,
961 1062 1111 1101 itineris
1132 1063 1367 1114 properandi
1399 1075 1526 1112 causa,

113 1130 240 1169 neque
262 1119 322 1156 his
343 1131 455 1157 secus
477 1124 592 1169 atque
613 1119 696 1158 aliis
717 1120 832 1159 armis
854 1119 1038 1158 advorsus
1059 1118 1131 1157 tela
1153 1118 1335 1166 hostium,
1364 1119 1467 1170 quod
1485 1133 1527 1159 ea

112 1174 205 1213 levia
227 1181 330 1226 sunt,
353 1175 504 1214 muniti.
541 1174 607 1213 sed
630 1175 668 1214 in
690 1176 827 1215 itinere
849 1175 986 1227 quinto
1008 1174 1176 1226 denique
1199 1174 1259 1214 die
1283 1175 1405 1214 Volux
1426 1175 1527 1215 filius
1551 1182 1569 1214 3

112 1230 255 1269 Bocchi
270 1237 429 1282 repente
446 1231 485 1269 in
507 1231 651 1282 campis
667 1231 889 1283 patentibus
912 1243 998 1270 cum
1014 1231 1118 1269 mille
1135 1243 1214 1270 non
1236 1231 1402 1282 amplius
1418 1233 1528 1283 equi-

113 1286 216 1326 tibus
240 1299 325 1325 sese
348 1287 538 1332 ostendit,
571 1287 637 1338 qui
667 1294 811 1327 temere
833 1295 869 1327 et
891 1288 1010 1326 effuse
1040 1293 1177 1326 euntes
1207 1288 1335 1326 Sullae
1366 1289 1528 1339 aliisque

113 1342 293 1381 omnibus
317 1348 352 1381 et
375 1355 580 1382 numerum
601 1345 828 1395 ampliorem
848 1356 937 1383 vero
961 1349 996 1382 et
1016 1343 1195 1382 hostilem
1216 1349 1360 1382 metum
1385 1345 1527 1384 efficie-

111 1398 218 1437 bant.
259 1399 377 1449 igitur
398 1411 438 1437 se
456 1400 620 1451 quisque
637 1401 830 1452 expedire,
847 1412 951 1438 arma
968 1405 1082 1450 atque
1102 1399 1175 1438 tela
1193 1405 1381 1451 temptare
1398 1400 1527 1440 inten-
1551 1407 1571 1438 4

114 1454 218 1497 dere,
245 1455 362 1493 timor
381 1454 602 1506 aliquantus
623 1457 691 1496 sed
713 1469 802 1507 spes
824 1456 988 1507 amplior
1008 1455 1154 1506 quippe
1172 1456 1382 1495 victoribus
1406 1464 1442 1496 et
1462 1457 1528 1495 ad-

114 1523 269 1549 vorsum
300 1522 386 1557 eos,
417 1523 514 1561 quos
543 1524 657 1562 saepe
689 1513 871 1551 vicerant.
919 1512 1075 1550 interim
1106 1512 1255 1562 equites
1286 1513 1528 1563 exploratum
1551 1520 1569 1551 5

113 1567 313 1618 praemissi
335 1579 417 1605 rem
438 1568 494 1606 uti
516 1573 595 1606 erat
610 1568 778 1618 quietam
801 1568 994 1607 nuntiant.
1037 1567 1159 1606 Volux
1180 1568 1388 1608 adveniens
1409 1582 1528 1621 quae—
1551 1572 1626 1608 106

114 1629 256 1662 storem
284 1621 451 1674 appellat
472 1623 641 1674 dicitque
671 1636 711 1663 se
733 1637 753 1663 a
774 1631 882 1676 patre
903 1624 1056 1663 Boccho
1089 1623 1237 1663 obviam
1259 1624 1334 1663 illis
1355 1626 1469 1665 simul
1492 1631 1529 1665 et

114 1679 306 1731 praesidio
337 1679 511 1718 missum.
561 1680 698 1719 deinde
729 1693 817 1719 eum
849 1687 886 1720 et
914 1692 1149 1731 proxumum
1186 1681 1286 1721 diem
1308 1681 1392 1721 sine
1422 1688 1528 1722 metu

114 1735 314 1775 coniuncti
336 1741 442 1774 eunt.
476 1744 564 1787 post
581 1736 647 1774 ubi
669 1744 793 1775 castra
808 1736 929 1776 locata
946 1742 983 1774 et
1003 1735 1077 1774 diei
1097 1749 1234 1788 vesper
1250 1744 1343 1786 erat,
1366 1745 1528 1790 repente
1551 1743 1571 1776 2

114 1791 272 1830 Maurus
304 1791 453 1830 incerto
485 1791 589 1830 voltu
620 1805 763 1842 pavens
793 1793 839 1831 ad
870 1790 1016 1832 Sullam
1056 1792 1227 1832 adcurrit
1256 1793 1426 1845 dicitque
1456 1794 1530 1834 sibi

114 1860 159 1886 ex
175 1847 483 1898 speculatoribus
500 1848 697 1897 cognitum
714 1848 941 1900 Iugurtham
962 1848 1063 1886 haud
1084 1849 1223 1900 procul
1239 1850 1392 1897 abesse;
1415 1849 1530 1890 simul

205 1992 224 2023 2
249 2000 356 2023 rerum
381 1990 598 2024 humanarum
614 2002 679 2033 mz,
704 1992 921 2025 humanarum
936 2003 1046 2026 rerum
1061 1993 1158 2037 nvzss
1179 1996 1197 2028 3
1222 1994 1255 2028 in
1281 1995 1421 2028 aduersa
1446 2004 1531 2028 sem·

115 2045 174 2078 per
203 2045 236 2067 m
256 2034 268 2078 ΙΙ
285 2035 439 2074 omnibus
464 2040 531 2068 tres
563 2047 627 2076 ηιξ,
659 2037 812 2070 omnibus
840 2038 939 2071 rebus
969 2042 1035 2071 tres
1066 2050 1135 2071 πυτ,
1155 2038 1203 2083 [14
1228 2040 1370 2083 profecti
1401 2050 1476 2072 cum
1500 2050 1530 2079 z,

114 2080 257 2123 profecti
282 2084 358 2113 sunt
384 2090 459 2113 cum
481 2091 548 2122 mz,
572 2081 715 2124 profecti
739 2082 822 2115 duce
848 2093 866 2114 υ
885 2082 896 2126 Η
914 2083 970 2116 Cn.
988 2085 1136 2126 octauio]
1155 2094 1208 2127 gn.
1228 2085 1303 2127 gaio
1329 2096 1347 2117 υ
1364 2084 1376 2129 ΙΙ
1395 2085 1530 2118 Rusone

113 2136 146 2166 z,
177 2125 326 2157 Opellius
355 2125 554 2164 (Octavium
578 2126 749 2160 Rusonem
777 2128 950 2169 quendam
980 2130 1084 2161 habet
1108 2128 1271 2168 Por-fiad
1285 2131 1369 2162 Hor.
1391 2130 1425 2163 S.
1447 2132 1478 2171 1,
1498 2129 1530 2170 3,

114 2170 197 2211 86).-
219 2169 338 2202 rusone
359 2180 464 2202 mffwz
488 2170 574 2211 (rufo
600 2184 618 2203 z
642 2174 745 2212 unus)
765 2171 776 2215 ΙΙ
794 2175 811 2205 7
831 2173 952 2216 accipit
970 2185 987 2206 v
1007 2174 1018 2216 ῙΙ
1034 2184 1146 2207 romae
1164 2186 1193 2209 z,
1217 2185 1396 2218 romaeque
1425 2185 1531 2208 amvz

111 2213 124 2257 ss
141 2216 160 2248 8
179 2214 343 2257 deplorati
359 2225 394 2246 m
412 2214 423 2256 ΙΙ
443 2217 482 2248 10
506 2215 670 2250 bocchum
687 2217 851 2260 optimum
876 2219 1026 2262 poenitet
1044 2219 1166 2252 delicta
1183 2220 1309 2262 gratiae
1328 2220 1407 2252 facit
1424 2221 1531 2253 Arus.

111 2270 146 2302 p.
170 2260 258 2294 233:
282 2270 366 2291 num
390 2259 560 2293 Bocchum
590 2262 747 2305 quoniam
775 2273 806 2305 p.
837 2262 867 2296 d.
888 2273 919 2306 g.
943 2264 963 2296 f.
978 2265 993 2296 ’ἲ
1013 2263 1024 2307 {l
1044 2266 1082 2297 13
1113 2265 1188 2308 quis
1217 2275 1267 2300 ziz.
1291 2265 1413 2309 quibus
1440 2276 1494 2298 m:
1519 2262 1532 2307 1

113 2305 263 2338 bocchus
288 2305 432 2347 cognitis
448 2316 465 2336 υ
484 2304 496 2348 ss
512 2305 675 2348 petiuerat
692 2317 757 2349 mz,
782 2308 902 2350 petiuit
916 2320 955 2341 υτ.
975 2308 987 2352 ΙΙ
1009 2311 1046 2342 14
1071 2315 1105 2342 ut
1133 2309 1175 2342 ad
1198 2319 1233 2342 se
1254 2310 1402 2343 mitteret
1419 2310 1529 2344 sillam

113 2359 148 2381 m
167 2349 178 2391 ss
194 2349 235 2382 de
248 2352 358 2392 pauci
369 2360 413 2382 ea:
429 2361 460 2391 z,
485 2360 550 2382 om.
562 2361 638 2383 mvz
657 2351 669 2395 fl
689 2353 727 2386 16
752 2352 833 2385 item
846 2363 912 2394 mz,
926 2364 990 2386 om.
1005 2365 1074 2387 nvz
1094 2354 1105 2396 ss
1122 2354 1305 2388 balearium
1322 2365 1388 2388 om.
1401 2365 1446 2396 m,
1459 2356 1531 2388 bal-

115 2399 289 2427 neatorum
315 2405 350 2435 v,
375 2394 584 2428 baleatorum
613 2399 651 2437 (s.
676 2408 703 2429 s.
728 2407 746 2430 a
770 2397 896 2431 baleari
920 2399 1044 2441 oppido
1070 2399 1127 2432 ubi
1150 2410 1232 2433 usus
1257 2400 1346 2432 fund*
1372 2401 1530 2434 inuentus

113 2437 150 2479 ἕ)
169 2449 198 2473 π
214 2438 228 2482 ss
247 2440 284 2472 17
311 2449 410 2473 causa
431 2441 629 2482 properandi
650 2452 668 2473 v
683 2441 696 2484 ll
715 2442 791 2484 pela
808 2454 835 2475 π
851 2442 863 2486 ΙΙ
883 2448 983 2486 atque
1001 2443 1092 2486 quod
1108 2456 1135 2477 π
1151 2444 1162 2487 Η
1188 2447 1223 2477 18
1250 2444 1394 2487 denique
1411 2445 1529 2488 quinto

116 2495 145 2516 π
162 2482 175 2527 Ι]
192 2485 233 2517 22
250 2494 329 2517 uero
348 2484 542 2527 ampliorem
556 2495 588 2516 m
604 2485 616 2529 Π
636 2485 797 2519 fatiebant
812 2499 840 2520 π
858 2487 870 2530 ss
887 2490 929 2521 24
947 2488 1121 2521 aduersum
1138 2500 1186 2529 υτ,
1212 2489 1372 2522 aduersus
1385 2500 1438 2521 m:
1458 2490 1470 2533 ΙΙ
1488 2492 1530 2525 26

117 2528 164 2561 uti
188 2539 232 2566 m.
258 2534 294 2561 ut
319 2540 337 2561 υ
355 2529 366 2572 ll
386 2529 581 2573 adueniens]
608 2531 664 2563 hic
688 2531 816 2564 desinit
838 2543 868 2564 m
890 2532 900 2575 ΙΙ
919 2534 957 2566 31
985 2543 1026 2565 ex
1050 2545 1079 2574 z,
1105 2544 1121 2566 a
1148 2545 1186 2566 v:
