1709 2885
45 725 81 756 10

637 109 793 143 ORATIO
819 109 988 143 COTTAE
1442 108 1460 145 1
1474 107 1522 145 17

110 214 203 253 mihi
226 214 436 253 mutabant.
477 219 514 252 at
534 218 669 252 contra
691 213 730 251 in
752 212 811 250 his
832 211 998 250 miseriis
1020 217 1157 250 cuncta
1178 223 1239 249 me
1262 223 1350 250 cum
1367 211 1523 250 fortuna
1547 219 1564 249 2

110 270 329 309 deseruere.
371 277 567 321 praeterea
584 275 778 316 senectus,
800 280 870 319 per
889 280 929 306 se
946 267 1082 317 gravis,
1106 280 1237 306 curam
1260 267 1441 318 duplicat,
1460 268 1523 306 cui

111 327 251 365 misero
273 333 355 365 acta
377 327 450 365 iam
478 331 599 364 aetate
630 338 678 363 ne
698 330 861 363 mortem
889 324 1045 374 quidem
1074 324 1277 362 honestam
1300 335 1456 374 sperare
1477 323 1524 361 li-

111 390 184 422 cet.
227 395 327 429 nam,
350 383 381 421 si
404 382 593 433 parricida
615 381 731 419 vostri
754 393 839 419 sum
860 386 897 419 et
918 380 978 418 bis
1000 380 1154 431 genitus
1176 380 1238 418 hic
1259 380 1350 427 deos
1372 379 1523 430 penatis
1548 386 1566 417 3

109 451 215 477 meos
232 439 472 490 patriamque
488 445 525 477 et
541 449 735 476 summum
747 437 953 488 imperium
970 436 1054 475 vilia
1071 436 1206 483 habeo,
1224 436 1310 486 quis
1329 435 1424 474 mihi
1440 436 1523 474 vivo

111 495 304 543 cruciatus
326 495 416 533 satis
448 500 505 532 est
525 498 590 532 aut
618 505 716 544 quae
738 505 863 544 poena
893 490 1078 531 mortuo?
1101 492 1195 542 quin
1227 493 1356 530 onmia
1377 503 1523 530 memo-

109 557 189 590 rata
206 550 307 601 apud
326 551 471 589 inferos
492 549 680 601 supplicia
703 548 848 587 scelere
865 561 949 587 meo
966 548 1050 587 vici.
1082 561 1101 587 a
1124 549 1247 599 prima
1264 548 1525 586 adulescentia
1548 553 1568 585 4

110 607 148 646 in
172 619 238 645 ore
261 612 390 645 vostro
420 607 591 658 privatus
618 612 655 644 et
684 605 723 643 in
753 605 1038 655 magistratibus
1068 605 1148 656 egi:
1184 605 1250 654 qui
1282 604 1436 654 lingua,
1458 603 1526 654 qui

111 662 273 701 consilio
296 675 395 711 meo,
418 663 483 714 qui
506 662 671 713 pecunia
692 661 859 705 voluere,
883 662 942 700 usi
964 667 1066 699 sunt.
1108 673 1235 711 neque
1259 672 1329 710 ego
1353 660 1526 699 callidam

111 719 328 758 facundiam
350 731 477 770 neque
498 717 699 768 ingenium
714 718 759 755 ad
781 717 877 756 male
902 717 1124 756 faciundum
1142 717 1317 756 exercui:
1341 716 1527 755 avidissu-

109 788 196 814 mus
217 776 385 826 privatae
402 774 544 825 gratiae
566 785 762 812 maxumas
783 773 1004 812 inimicitias
1026 786 1097 825 pro
1120 785 1161 812 re
1183 773 1335 824 publica
1358 772 1526 824 suscepi,

77 875 81 878 ,
111 832 198 882 quis
219 830 342 869 victus
358 843 445 870 cum
468 830 529 868 illa
546 830 673 877 simul,
697 842 783 868 cum
803 842 920 880 egens
941 830 1086 869 alienae
1103 829 1189 880 opis
1211 829 1322 880 plura
1342 829 1439 867 mala
1461 840 1526 867 ex-

43 1007 81 1039 15

43 1288 82 1320 20

44 1567 83 1600 25

46 1849 86 1880 30

0 2128 83 2182 '35

109 893 315 939 pectarem‚
334 899 412 935 vos,
430 886 611 933 Quirites,
628 898 765 924 rursus
782 886 875 924 mihi
892 886 1054 937 patriam
1077 887 1247 936 deosque
1264 885 1416 936 penatis
1438 897 1527 923 cuni

110 943 259 993 ingenti
288 943 471 993 dignitate
505 942 674 981 dedistis.
720 955 791 994 pro
822 943 964 993 quibus
994 942 1181 980 benificiis
1203 942 1262 980 vix
1285 941 1375 980 satis
1397 947 1529 992 gratus
1553 948 1570 978 5

110 999 251 1046 videar,
273 999 303 1037 si
332 999 496 1049 singulis
525 999 690 1037 animam
719 1011 833 1049 quam
856 1011 1007 1050 nequeo
1033 998 1306 1037 concesserim.
1348 1010 1436 1036 nam
1458 997 1531 1035 vita

110 1061 147 1094 et
176 1067 281 1093 mors
302 1056 385 1094 iura
412 1061 571 1094 naturae
601 1062 712 1095 sunt:
744 1061 786 1093 ut
819 1055 904 1094 sine
933 1055 1122 1093 dedecore
1153 1067 1240 1092 cum
1263 1053 1411 1092 civibus
1433 1054 1530 1092 sama

111 1118 148 1150 et
178 1112 346 1150 fortunis
368 1111 518 1161 integer
536 1122 637 1161 agas,
653 1112 690 1149 id
712 1111 814 1149 dono
837 1111 948 1150 datur
967 1118 1083 1162 atque
1105 1110 1306 1161 accipitur.
1348 1110 1530 1149 consules
1553 1115 1572 1147 6

113 1180 185 1206 nos
206 1168 372 1215 fecistis,
403 1166 591 1216 Quirites,
621 1168 724 1206 domi
753 1167 921 1218 bellique
951 1167 1255 1218 impeditissuma
1293 1179 1333 1204 re
1363 1166 1530 1217 publica.

112 1236 280 1275 namque
301 1224 555 1274 imperatores
584 1223 791 1274 Hispaniae
813 1224 1048 1274 stipendium
1070 1223 1210 1262 milites
1231 1235 1335 1261 arma
1356 1223 1531 1260 frumen-

111 1285 194 1319 tum
225 1287 394 1331 poscunt
425 1285 461 1318 et
499 1280 535 1318 id
565 1292 627 1318 res
658 1281 780 1330 cogit,
818 1280 1001 1330 quoniam
1031 1279 1248 1318 defectione
1279 1279 1473 1317 sociorum
1496 1283 1533 1316 et

111 1336 258 1376 Sertori
275 1349 346 1387 per
366 1336 509 1375 montis
529 1336 619 1386 suga
637 1349 764 1387 neque
786 1349 902 1375 manu
925 1343 1072 1375 certare
1093 1342 1261 1386 possunt
1277 1347 1406 1385 neque
1423 1334 1531 1373 utilia

110 1404 260 1444 parare,
310 1392 501 1431 exercitus
530 1393 569 1430 in
593 1392 680 1431 Asia
711 1392 920 1443 Ciliciaque
951 1392 999 1430 ob
1025 1392 1163 1430 nimias
1184 1403 1279 1442 opes
1299 1390 1532 1430 Mithridatis
1554 1398 1571 1428 '1

111 1449 281 1496 aluntur,
304 1448 524 1487 Macedonia
545 1449 659 1499 plena
681 1448 850 1487 hostium
873 1454 942 1496 est,
972 1461 1044 1487 nec
1069 1448 1200 1486 minus
1222 1447 1351 1485 ltaliae
1372 1447 1532 1486 maritu-

112 1518 172 1544 ma
193 1510 230 1544 et
250 1504 551 1556 provinciarum,
568 1517 656 1543 cum
677 1504 833 1543 interim
847 1504 1043 1554 vectigalia
1060 1516 1174 1555 parva
1196 1510 1233 1542 et
1252 1503 1363 1541 hellis
1384 1503 1531 1542 incerta

113 1561 171 1600 vix
192 1567 339 1612 partem
362 1566 588 1612 sumptuum
611 1560 826 1599 sustinent:
849 1560 898 1599 ita
921 1560 1055 1608 classe,
1079 1572 1177 1611 quae
1199 1565 1424 1598 conmeatus
1445 1565 1531 1598 tue-

112 1618 237 1663 batur,
259 1617 409 1655 minore
431 1629 547 1667 quam
568 1623 678 1655 antea
701 1617 935 1667 navigamus.

225 1672 328 1712 Haec
357 1673 389 1712 si
418 1673 507 1711 dolo
537 1679 602 1712 aut
632 1673 808 1712 socordia
840 1679 971 1711 nostra
1002 1678 1199 1710 contracta
1229 1677 1333 1718 sunt,
1355 1671 1468 1722 agite,
1491 1677 1534 1710 ut
1555 1678 1574 1710 8

112 1735 245 1768 monet
275 1730 343 1776 ira,
374 1729 610 1780 supplicium
632 1729 792 1767 sumite:
824 1729 885 1767 sin
915 1729 1068 1767 fortuna
1102 1728 1321 1766 communis
1356 1726 1533 1778 asperior

114 1792 191 1829 est,
215 1798 333 1837 quare
354 1786 515 1835 indigna
545 1785 650 1823 vobis
680 1784 872 1835 nobisque
895 1792 932 1823 et
952 1797 994 1823 re
1016 1784 1171 1834 publica
1194 1781 1395 1834 incipitis?
1417 1788 1532 1833 atque
1556 1790 1576 1822 9

114 1853 198 1892 ego,
221 1841 333 1880 cuius
354 1841 468 1880 aetati
490 1853 596 1879 mors
617 1840 777 1891 propior
794 1847 862 1887 est,
887 1853 965 1879 uon
984 1840 1186 1891 deprecor,
1209 1839 1337 1890 siquid
1360 1851 1402 1877 ea
1424 1838 1532 1877 vobis

111 1896 347 1936 incommodi
365 1897 550 1935 demitur:
575 1909 701 1947 neque
717 1896 976 1947 moxingenio
999 1896 1175 1947 corporis
1190 1896 1395 1934 honestius
1418 1907 1534 1947 quam

111 1966 184 2004 pro
205 1959 330 1992 vostra
347 1952 468 1991 salute
489 1953 606 1991 finem
622 1953 718 1991 vitae
739 1953 909 1992 fecerim.
951 1953 1084 1991 adsum
1115 1965 1163 1991 en
1187 1950 1226 1990 C.
1244 1950 1351 1990 Cotta
1373 1950 1532 1999 consul;
1561 1958 1596 1990 10

111 2010 210 2048 facio
232 2009 336 2060 quod
366 2021 481 2059 saepe
511 2009 676 2048 maiores
705 2009 853 2061 asperis
890 2009 1000 2048 bellis
1030 2009 1179 2047 fecere:
1209 2020 1324 2046 voveo
1355 2007 1532 2058 dedoque

112 2078 172 2104 me
189 2078 261 2118 pro
283 2077 324 2104 re
340 2064 508 2116 publica,
530 2077 643 2115 quam
662 2065 801 2104 deinde
818 2066 878 2104 cui
896 2065 1085 2104 mandetis
1103 2063 1402 2115 circumspicite.
1443 2076 1533 2102 nam
1561 2071 1593 2103 tt

111 2122 226 2161 talem
248 2122 437 2160 honorem
454 2121 582 2160 bonus
602 2134 716 2160 nemo
734 2121 845 2171 volet,
886 2134 974 2160 cum
994 2122 1173 2160 fortunae
1197 2127 1233 2159 et
1251 2121 1367 2159 maris
1389 2127 1426 2159 et
1441 2119 1532 2158 belli

113 2178 159 2218 ab
179 2178 262 2217 aliis
282 2177 355 2216 acti
378 2177 473 2215 ratio
506 2177 703 2216 reddunda
725 2184 790 2217 aut
809 2178 977 2229 turpiter
1007 2177 1257 2216 moriundum
1279 2176 1340 2215 sit.
1381 2182 1532 2216 tantum
1557 2182 1595 2215 12

112 2234 227 2273 modo
249 2234 287 2272 in
308 2233 447 2272 animis
468 2233 645 2272 habetote
663 2246 742 2273 non
762 2247 824 2273 me
846 2234 894 2272 ob
917 2234 1045 2272 scelus
1065 2238 1132 2272 ant
1147 2233 1341 2272 avaritiam
1363 2244 1531 2280 caesum,

112 2290 180 2329 sed
199 2290 389 2329 volentem
407 2301 480 2340 pro
508 2290 697 2329 maxumis
721 2290 913 2330 benificiis
941 2291 1105 2329 animam
1136 2289 1238 2328 dono
1260 2289 1422 2328 dedisse.
1463 2301 1535 2340 per
1560 2295 1595 2328 13

203 2402 221 2432 3
247 2404 322 2433 acta
346 2400 412 2432 iam
437 2404 548 2431 aetate
562 2400 603 2435 V,
626 2397 781 2433 ‘senecta
806 2400 872 2432 iam
897 2404 1007 2431 aetate
1033 2396 1238 2430 sallustius’
1269 2402 1350 2431 ceste
1374 2398 1470 2431 Serv.
1498 2401 1536 2430 in

112 2446 199 2478 Aen.
216 2447 266 2485 11,
282 2446 357 2486 165,
376 2444 470 2486 quod
488 2444 610 2477 Carrio
628 2447 665 2476 in
683 2447 776 2477 hunc
794 2445 907 2477 Iocum
926 2444 1015 2475 male
1031 2443 1154 2475 intulit
1169 2442 1180 2486 fl
1200 2445 1218 2475 9
1237 2444 1389 2476 caninam
1409 2443 1535 2475 Carrio

112 2489 179 2534 1116
206 2490 275 2522 iura
301 2490 337 2522 V
350 2489 362 2533 ΙΙ
379 2491 419 2522 25
448 2493 617 2531 sumptum
644 2490 704 2532 VH
722 2491 761 2523 31
789 2490 923 2532 ingenio
958 2488 1109 2530 corporis
1134 2488 1175 2527 V,
1205 2488 1238 2520 in
1264 2489 1358 2521 senio
1385 2488 1536 2530 eorporis

117 2535 266 2567 Orellius
290 2535 390 2571 olim,
426 2534 487 2565 sed
518 2535 647 2566 abiecit
672 2538 793 2577 postea
826 2545 900 2566 eam
935 2535 1190 2573 coniecturam.
1221 2533 1367 2575 ingenuo
1405 2533 1535 2576 corpori

113 2579 226 2612 Aldus
243 2581 255 2622 ll
275 2581 316 2613 38
342 2579 479 2613 uolente
505 2579 542 2611 V
