1709 2885
479 93 534 126 DE
559 91 877 127 CONIURATIONE
901 92 1127 125 CATILINAE
1459 88 1510 127 25

98 195 632 247 coarguuntpraeterlitteras
643 195 901 243 sermonibus,
916 207 1014 246 quos
1029 194 1089 232 illa
1108 194 1249 233 habere
1265 194 1402 234 solitus
1419 201 1512 244 erat,

98 265 144 292 ex
177 251 288 291 libris
318 252 516 303 Sibyllinis
557 264 722 302 regnum
757 251 901 290 Romae
936 251 1061 289 tribus
1092 250 1282 289 Corneliis
1311 252 1512 302 portendi;

99 309 259 348 Cinnam
294 314 409 360 atque
431 308 576 347 Sullam
606 313 740 355 antea,
776 320 817 346 se
847 308 1004 345 tertium
1035 319 1140 354 esse,
1170 307 1233 345 cui
1263 307 1383 345 fatum
1414 309 1514 346 foret

96 364 205 403 urbis
223 364 353 415 potiri.
390 369 587 416 praeterea
609 363 655 402 ab
667 365 829 402 incenso
842 362 1028 414 Capitolio
1041 362 1150 401 illum
1170 375 1253 402 esse
1269 363 1512 413 vigesumum

48 428 67 460 5
96 433 263 469 annum,
288 433 402 472 quem
424 433 538 472 saepe
559 433 604 459 ex
625 419 813 471 prodigiis
833 418 1061 470 haruspices
1090 418 1385 470 respondissent
1409 419 1510 459 bello

96 476 196 516 civili
218 482 423 516 cruentum
440 477 537 515 fore.
577 476 696 526 igitur
710 475 891 526 perlectis
906 476 1057 520 litteris,
1075 487 1163 514 cum
1180 475 1290 526 prius
1306 488 1442 514 omnes
1459 476 1510 514 si·
1534 481 1558 513 3»

96 544 171 583 gna
200 545 269 571 sua
298 533 592 583 cognovissent,
621 537 778 570 senatus
810 531 983 570 decernit
1002 532 1058 571 uti
1080 531 1253 570 abdicato
1283 532 1509 581 magistratu

93 588 286 627 Lentulus
315 590 484 639 itemque
515 588 632 627 ceteri
663 588 704 626 in
733 588 864 626 liberis
895 587 1081 627 custodiis
1109 588 1337 626 habeantur.
1380 588 1510 639 itaque
1534 593 1554 626 4

2 684 3 687 ,
95 644 288 684 Lentulus
312 644 354 683 P.
377 644 543 684 Lentulo
566 644 788 695 Spintheri,
821 644 886 694 qui
916 650 999 683 tum
1030 643 1163 682 aedilis
1192 650 1287 692 erat,
1318 643 1511 695 Cethegus

0 692 3 754 Ι
31 707 67 741 10
95 700 140 746 Q.
173 699 379 739 Cornificio
409 700 582 739 Statilius
614 700 653 739 C.
685 699 836 738 Caesari
859 699 1045 739 Gabinius
1065 700 1114 738 M.
1139 698 1275 738 Crasso
1303 699 1511 752 Caeparius

92 779 149 785 --
181 769 270 795 nam
305 757 337 795 is
371 757 487 807 paulo
517 763 605 795 ante
635 769 680 796 ex
708 756 799 806 fuga
828 762 1018 795 retractus
1048 761 1129 795 erat
1149 778 1202 783 —
1229 756 1295 795 Cn.
1326 757 1510 797 Terentio

93 813 262 852 senatori
285 812 500 851 traduntur.

205 868 333 907 Intera
354 868 464 919 plebs
486 868 756 907 coniuratione
777 868 985 918 patefacta,
1008 881 1107 919 quae
1140 869 1265 919 primo
1288 869 1428 920 cupida
1448 881 1511 908 re·
1535 874 1588 911 48

92 936 181 963 rum
211 937 396 964 novarum
427 924 542 963 nimis
571 924 673 963 bello
703 924 871 971 favebat,
893 930 1037 963 mutata
1058 931 1188 963 mente
1211 924 1394 964 Catilinae
1417 937 1511 964 con*

27 987 64 1019 15
93 980 176 1020 silia
207 980 397 1029 execrari,
421 980 648 1020 Ciceronem
677 980 723 1019 ad
754 980 899 1019 caelum
930 981 1089 1020 tollere:
1112 981 1229 1019 veluti
1260 994 1305 1020 ex
1326 981 1510 1020 servitute

93 1042 222 1088 erepta
253 1037 435 1087 gaudium
458 1042 574 1088 atque
595 1036 774 1075 laetitiam
797 1037 974 1087 agitabat.
1016 1049 1184 1088 namque
1206 1037 1277 1076 alia
1302 1037 1394 1076 belli
1415 1038 1510 1077 faci·
1533 1047 1552 1078 2

91 1104 189 1132 nora
209 1093 372 1144 praedae
392 1093 515 1144 magis
537 1105 652 1144 quam
674 1093 905 1132 detrimento
926 1094 1030 1141 sore,
1052 1093 1279 1132 incendium
1298 1106 1390 1132 vero
1420 1106 1510 1133 cru-

92 1149 176 1188 dele
196 1149 479 1195 inmoderatum
500 1161 544 1187 ac
565 1149 638 1187 sibi
666 1161 843 1188 maxume
865 1149 1130 1188 calamitosum
1160 1149 1340 1203 putabat,
1364 1150 1510 1202 quippe

93 1206 155 1244 cui
178 1217 313 1243 omnes
334 1205 466 1256 copiae
488 1205 526 1243 in
550 1218 625 1243 usu
647 1205 837 1244 cotidiano
861 1213 897 1244 et
918 1206 1025 1245 cultu
1046 1206 1225 1257 corporis
1246 1212 1367 1245 erant.

24 1267 64 1300 20
204 1260 297 1299 Post
318 1273 406 1300 eum
428 1261 529 1300 diem
551 1261 704 1311 quidam
726 1261 769 1299 L.
792 1261 1029 1312 Tarquinius
1050 1263 1095 1301 ad
1117 1269 1294 1301 senatum
1320 1263 1509 1302 adductus
1533 1271 1555 1304 3

92 1322 193 1365 erat,
216 1330 332 1368 quem
353 1318 398 1356 ad
421 1317 618 1356 Catilinam
640 1317 950 1368 proficiscentem
973 1330 1019 1356 ex
1040 1318 1178 1357 itinere
1201 1325 1409 1358 retractum
1431 1319 1509 1358 aie-

89 1373 195 1412 bant.
236 1373 268 1412 is
290 1385 378 1412 cum
399 1385 440 1412 se
463 1374 607 1412 diceret
627 1373 886 1412 indicaturum
913 1374 959 1412 de
975 1374 1256 1421 coniuratione,
1274 1375 1306 1412 si
1322 1375 1417 1413 fides
1433 1388 1508 1426 pu·
1530 1385 1552 1416 4

89 1429 187 1468 blica
209 1429 294 1468 data
316 1434 429 1476 esset,
451 1430 581 1468 iussus
602 1442 621 1468 a
644 1430 806 1468 consule
828 1435 926 1480 quae
947 1430 1064 1468 sciret
1084 1431 1247 1475 edicere,
1271 1431 1402 1469 eadem
1427 1432 1508 1470 fere

90 1497 187 1536 quae
208 1485 431 1524 Volturcius
452 1486 498 1524 de
520 1486 664 1535 paratis
684 1485 876 1523 incendiis
898 1486 943 1524 de
966 1486 1080 1524 caede
1096 1487 1290 1524 bonorum
1308 1487 1353 1525 (le
1370 1487 1510 1526 itinere

22 1547 60 1579 25
89 1541 260 1580 hostium
290 1546 468 1580 senatum
497 1541 629 1588 docet3
661 1546 859 1592 praeterea
889 1554 930 1579 se
952 1541 1113 1580 missum
1135 1555 1154 1580 a
1186 1542 1236 1580 M.
1261 1542 1419 1592 Crasso,
1443 1544 1507 1595 qui

91 1597 274 1636 Catilinae
296 1597 495 1645 nuntiaret
514 1609 563 1636 ne
586 1609 674 1635 eum
696 1597 886 1636 Lentulus
907 1603 945 1636 et
966 1596 1158 1648 Cethegus
1180 1598 1322 1649 aliique
1344 1612 1389 1638 ex
1413 1612 1509 1639 eon-

88 1654 280 1692 iuratione
301 1653 534 1704 deprehensi
555 1658 761 1701 terrerent,
783 1666 908 1704 eoque
928 1654 1050 1704 magis
1066 1662 1296 1706 properaret
1311 1656 1356 1693 ad
1372 1656 1509 1695 urbem

89 1710 286 1756 ademere,
310 1721 387 1760 quo
410 1715 447 1748 et
468 1714 687 1748 ceterorum
708 1709 859 1748 animos
880 1711 1056 1748 reficeret
1077 1716 1115 1749 et
1133 1711 1187 1749 illi
1217 1711 1367 1750 facilius
1397 1725 1417 1750 e
1439 1725 1508 1764 pe-

88 1765 211 1804 riculo
229 1766 487 1816 eriperentur.
519 1766 586 1804 sed
603 1765 670 1804 ubi
687 1765 924 1815 Tarquinius
942 1765 1122 1804 Crassum
1140 1767 1364 1816 nominavit,
1381 1768 1507 1807 homi·
1531 1777 1551 1809 5

18 1827 62 1860 '30
90 1834 179 1861 neni
210 1821 401 1869 nobilem,
430 1822 620 1860 maxumis
642 1821 781 1859 divitiis
802 1834 949 1860 summa
971 1823 1165 1873 potentia,
1188 1823 1251 1861 alii
1273 1835 1353 1862 rem
1379 1825 1508 1863 incre-

89 1877 244 1916 dibilem
265 1877 351 1924 rati,
372 1889 462 1928 pars
483 1878 634 1915 tametsi
657 1889 788 1915 verum
811 1877 1105 1926 existumabant,
1125 1885 1252 1917 tamen
1275 1879 1366 1930 quia
1382 1880 1421 1919 in
1442 1881 1506 1919 tali

88 1939 265 1984 tempore
288 1939 390 1972 tanta
411 1933 467 1970 vis
488 1932 657 1971 hominis
677 1934 799 1984 magis
820 1934 1004 1973 leniunda
1026 1947 1140 1985 quam
1163 1935 1388 1985 exagitanda
1403 1936 1508 1976 vide-

88 1990 224 2037 batur,
256 1988 435 2040 plerique
459 1987 594 2027 Crasso
625 2001 670 2028 ex
698 1990 864 2040 negotiis
893 1990 1050 2041 privatis
1082 1991 1240 2030 obnoxii
1264 1993 1508 2032 conclamant

90 2046 257 2084 indicem
276 2045 415 2084 salsum
439 2057 524 2083 esse
553 2045 678 2096 deque
700 2059 741 2084 ea
763 2058 804 2085 re
825 2047 1024 2097 postulant
1044 2048 1100 2086 uti
1130 2048 1332 2087 referatur.
1377 2049 1506 2100 itaque
1528 2056 1551 2089 6

22 2106 61 2139 35
92 2101 321 2140 consulente
333 2101 520 2139 Cicerone
535 2101 722 2152 frequens
737 2109 894 2142 senatus
911 2103 1097 2152 decernit,
1115 2103 1304 2155 Tarquini
1319 2105 1506 2145 indicium

89 2157 228 2196 falsum
263 2157 383 2196 videri
418 2169 585 2208 eumque
618 2158 657 2196 in
694 2159 858 2198 vinculis
892 2160 1143 2198 retinendum
1178 2173 1307 2211 neque
1341 2162 1509 2212 amplius

89 2218 319 2265 potestatem
341 2213 572 2261 faciundam,
595 2214 668 2252 nisi
690 2214 736 2253 (le
758 2228 802 2254 eo
825 2216 1024 2262 indicaret,
1047 2216 1159 2255 cuins
1180 2217 1342 2255 consilio
1366 2222 1508 2256 tantam

89 2282 172 2308 rem
206 2276 307 2308 esset
339 2270 546 2319 mentitus.
578 2276 688 2309 erant
717 2283 760 2309 eo
792 2277 967 2323 tempore
997 2273 1062 2323 qui
1093 2272 1368 2312 existumarent
1406 2274 1508 2312 indi-
1529 2281 1549 2313 ‘1

187 2382 196 2412 1
218 2385 403 2422 coarguunt
420 2393 435 2408 ’a
450 2393 465 2408 κε
479 2392 495 2407 *e
510 2392 525 2407 s<
540 2391 556 2407 *
570 2392 586 2408 κε
599 2393 615 2409 *
629 2393 645 2409 aa
659 2393 675 2408 are
691 2383 822 2422 praeter
836 2382 866 2413 P
877 2380 888 2423 ΙΙ
909 2383 927 2414 2
943 2381 1099 2415 sibillinis
1113 2383 1149 2423 (il
1164 2386 1200 2415 [n
1213 2385 1296 2424 νας.)
1310 2385 1341 2416 Ρ
1353 2383 1364 2426 Η
1384 2386 1401 2415 5
1417 2384 1507 2417 bellu

90 2425 120 2457 P
134 2423 146 2468 ΙΙ
163 2426 182 2458 6
201 2424 287 2457 foret
304 2426 334 2456 P
347 2424 359 2467 ss
380 2426 418 2457 10
440 2422 609 2457 carnificio
625 2426 655 2457 P
670 2424 680 2466 ΙΙ
698 2425 855 2458 statulius
872 2428 901 2458 P
913 2425 924 2470 ΙΙ
949 2428 984 2459 11
1004 2426 1117 2469 sigma
1135 2430 1186 2469 (ur
1204 2433 1265 2468 er.)
1282 2430 1312 2460 P
1324 2428 1335 2470 Η
1359 2430 1396 2461 13
1412 2429 1508 2471 plebs

91 2480 179 2501 eras.
204 2471 242 2501 in
265 2467 321 2512 ΡΗ
354 2468 424 2512 1115
451 2468 570 2502 tollere
595 2480 638 2501 ea:
662 2469 804 2502 tolerare
829 2472 859 2502 Ρ
874 2470 885 2514 Η
907 2473 944 2504 19
971 2475 1065 2504 erant
1090 2484 1134 2505 ωε
1158 2473 1271 2513 abent,
1295 2477 1335 2505 ut
1358 2474 1507 2515 videtur,

90 2513 144 2556 ΡΗ
164 2516 203 2547 21
229 2513 386 2546 aareiebant
411 2514 445 2555 (d
470 2516 582 2552 erasa)
607 2513 662 2557 ΡΗ
680 2516 720 2547 28
746 2515 918 2550 36664181ε
944 2518 978 2558 (n
1003 2518 1065 2557 er.)
1089 2517 1142 2562 ΡΗ
1163 2518 1294 2550 facilius
1310 2531 1326 2548 21<
1349 2528 1367 2551 e
1391 2521 1420 2561 (s
1445 2521 1508 2560 er.)

90 2557 147 2602 ΡΗ
164 2561 206 2592 30
230 2558 459 2593 incredibilem
484 2572 508 2592 s.
523 2559 615 2602 s.Pfl
635 2561 677 2592 34
701 2559 859 2593 iudicium
883 2562 913 2593 P
