<?xml version="1.0" encoding="UTF-8"?>
<!DOCTYPE html PUBLIC "-//W3C//DTD XHTML 1.0 Transitional//EN"
    "http://www.w3.org/TR/xhtml1/DTD/xhtml1-transitional.dtd">
<html xmlns="http://www.w3.org/1999/xhtml" xml:lang="en" lang="en">
 <head>
  <title>
</title>
<meta http-equiv="Content-Type" content="text/html;charset=utf-8" />
  <meta name='ocr-system' content='tesseract 3.04.00' />
  <meta name='ocr-capabilities' content='ocr_page ocr_carea ocr_par ocr_line ocrx_word'/>
</head>
<body>
  <div class='ocr_page' id='page_1' title='image "./catilinajugurtha00salluoft/catilinajugurtha00salluoft_0101.png"; bbox 0 0 1709 2885; ppageno 0'>
   <div class='ocr_carea' id='block_1_1' title="bbox 535 116 1490 154">
    <p class='ocr_par' dir='ltr' id='par_1_1' title="bbox 535 116 1490 154">
     <span class='ocr_line' id='line_1_1' title="bbox 535 116 1490 154; baseline 0 0"><span class='ocrx_word' id='word_1_1' title='bbox 535 121 589 154; x_wconf 88' lang='lat' dir='ltr'><strong>DE</strong></span> <span class='ocrx_word' id='word_1_2' title='bbox 614 120 746 154; x_wconf 86' lang='lat' dir='ltr'><strong>BELLO</strong></span> <span class='ocrx_word' id='word_1_3' title='bbox 770 119 1032 153; x_wconf 86' lang='lat' dir='ltr'><strong>IUGURTHINO</strong></span> <span class='ocrx_word' id='word_1_4' title='bbox 1439 116 1490 154; x_wconf 88' lang='lat'><strong>75</strong></span> 
     </span>
    </p>
   </div>
   <div class='ocr_carea' id='block_1_2' title="bbox 35 221 1570 2291">
    <p class='ocr_par' dir='ltr' id='par_1_2' title="bbox 35 221 1535 779">
     <span class='ocr_line' id='line_1_2' title="bbox 83 221 1532 275; baseline -0.004 -11"><span class='ocrx_word' id='word_1_5' title='bbox 83 225 154 265; x_wconf 86' lang='lat' dir='ltr'><strong>tela</strong></span> <span class='ocrx_word' id='word_1_6' title='bbox 175 224 330 275; x_wconf 87' lang='lat' dir='ltr'><strong>agitare.</strong></span> <span class='ocrx_word' id='word_1_7' title='bbox 372 222 476 275; x_wconf 91' lang='lat' dir='ltr'><strong>quod</strong></span> <span class='ocrx_word' id='word_1_8' title='bbox 496 223 563 262; x_wconf 90' lang='lat' dir='ltr'><strong>ubi</strong></span> <span class='ocrx_word' id='word_1_9' title='bbox 583 223 703 262; x_wconf 87' lang='lat' dir='ltr'><strong>Mario</strong></span> <span class='ocrx_word' id='word_1_10' title='bbox 724 222 922 273; x_wconf 89' lang='lat' dir='ltr'><strong>cognitum</strong></span> <span class='ocrx_word' id='word_1_11' title='bbox 944 229 1000 261; x_wconf 87' lang='lat' dir='ltr'><strong>est</strong></span> <span class='ocrx_word' id='word_1_12' title='bbox 1016 244 1071 249; x_wconf 89' lang='lat'>—</span> <span class='ocrx_word' id='word_1_13' title='bbox 1087 233 1173 260; x_wconf 88' lang='lat' dir='ltr'><strong>nam</strong></span> <span class='ocrx_word' id='word_1_14' title='bbox 1204 221 1236 260; x_wconf 92' lang='lat' dir='ltr'><strong>is</strong></span> <span class='ocrx_word' id='word_1_15' title='bbox 1258 221 1298 260; x_wconf 95' lang='lat' dir='ltr'><strong>in</strong></span> <span class='ocrx_word' id='word_1_16' title='bbox 1320 232 1362 259; x_wconf 89' lang='lat' dir='ltr'><strong>ea</strong></span> <span class='ocrx_word' id='word_1_17' title='bbox 1383 226 1491 271; x_wconf 88' lang='lat' dir='ltr'><strong>parte</strong></span> <span class='ocrx_word' id='word_1_18' title='bbox 1515 228 1532 257; x_wconf 84' lang='lat'>5</span> 
     </span>
     <span class='ocr_line' id='line_1_3' title="bbox 84 276 1490 328; baseline -0.004 -9"><span class='ocrx_word' id='word_1_19' title='bbox 84 281 239 320; x_wconf 86' lang='lat' dir='ltr'><strong>curabat</strong></span> <span class='ocrx_word' id='word_1_20' title='bbox 260 303 314 307; x_wconf 92' lang='lat'><strong>—-</strong></span> <span class='ocrx_word' id='word_1_21' title='bbox 335 280 512 318; x_wconf 86' lang='lat' dir='ltr'><strong>consulto</strong></span> <span class='ocrx_word' id='word_1_22' title='bbox 543 279 668 318; x_wconf 91' lang='lat' dir='ltr'><strong>lenius</strong></span> <span class='ocrx_word' id='word_1_23' title='bbox 697 290 809 328; x_wconf 87' lang='lat' dir='ltr'><strong>agere</strong></span> <span class='ocrx_word' id='word_1_24' title='bbox 844 290 887 317; x_wconf 88' lang='lat' dir='ltr'><strong>ac</strong></span> <span class='ocrx_word' id='word_1_25' title='bbox 922 277 1171 316; x_wconf 85' lang='lat' dir='ltr'><strong>diffidentiam</strong></span> <span class='ocrx_word' id='word_1_26' title='bbox 1205 277 1260 315; x_wconf 90' lang='lat' dir='ltr'><strong>rei</strong></span> <span class='ocrx_word' id='word_1_27' title='bbox 1296 276 1490 323; x_wconf 90' lang='lat' dir='ltr'><strong>simulare,</strong></span> 
     </span>
     <span class='ocr_line' id='line_1_4' title="bbox 84 332 1533 396; baseline -0.004 -20"><span class='ocrx_word' id='word_1_28' title='bbox 84 336 160 389; x_wconf 86' lang='lat' dir='ltr'><strong>pati</strong></span> <span class='ocrx_word' id='word_1_29' title='bbox 180 336 364 375; x_wconf 82' lang='lat' dir='ltr'>Numidas</span> <span class='ocrx_word' id='word_1_30' title='bbox 393 337 477 374; x_wconf 90' lang='lat' dir='ltr'><strong>sine</strong></span> <span class='ocrx_word' id='word_1_31' title='bbox 504 334 671 374; x_wconf 84' lang='lat' dir='ltr'><strong>tumultu</strong></span> <span class='ocrx_word' id='word_1_32' title='bbox 703 335 805 385; x_wconf 88' lang='lat' dir='ltr'><strong>regis</strong></span> <span class='ocrx_word' id='word_1_33' title='bbox 835 334 1024 396; x_wconf 82' lang='lat' dir='ltr'><strong>proelium</strong></span> <span class='ocrx_word' id='word_1_34' title='bbox 1055 334 1188 372; x_wconf 78' lang='lat' dir='ltr'><strong>visere.</strong></span> <span class='ocrx_word' id='word_1_35' title='bbox 1238 333 1286 371; x_wconf 92' lang='lat' dir='ltr'><strong>ita</strong></span> <span class='ocrx_word' id='word_1_36' title='bbox 1312 332 1388 371; x_wconf 91' lang='lat' dir='ltr'><strong>illis</strong></span> <span class='ocrx_word' id='word_1_37' title='bbox 1408 338 1533 371; x_wconf 79' lang='lat' dir='ltr'><strong>stu-6</strong></span> 
     </span>
     <span class='ocr_line' id='line_1_5' title="bbox 84 388 1493 441; baseline -0.004 -9"><span class='ocrx_word' id='word_1_38' title='bbox 84 393 145 432; x_wconf 90' lang='lat' dir='ltr'><strong>dio</strong></span> <span class='ocrx_word' id='word_1_39' title='bbox 175 404 336 431; x_wconf 91' lang='lat' dir='ltr'><strong>suorum</strong></span> <span class='ocrx_word' id='word_1_40' title='bbox 365 391 554 431; x_wconf 88' lang='lat' dir='ltr'><strong>adstrictis</strong></span> <span class='ocrx_word' id='word_1_41' title='bbox 584 398 743 441; x_wconf 88' lang='lat' dir='ltr'><strong>repente</strong></span> <span class='ocrx_word' id='word_1_42' title='bbox 775 401 912 440; x_wconf 88' lang='lat' dir='ltr'><strong>magna</strong></span> <span class='ocrx_word' id='word_1_43' title='bbox 942 390 977 428; x_wconf 89' lang='lat' dir='ltr'><strong>vi</strong></span> <span class='ocrx_word' id='word_1_44' title='bbox 998 401 1153 428; x_wconf 90' lang='lat' dir='ltr'><strong>murum</strong></span> <span class='ocrx_word' id='word_1_45' title='bbox 1172 388 1404 439; x_wconf 82' lang='lat' dir='ltr'><strong>aggreditur.</strong></span> <span class='ocrx_word' id='word_1_46' title='bbox 1455 395 1493 427; x_wconf 90' lang='lat' dir='ltr'><strong>et</strong></span> 
     </span>
     <span class='ocr_line' id='line_1_6' title="bbox 35 444 1493 507; baseline -0.004 -19"><span class='ocrx_word' id='word_1_47' title='bbox 35 457 48 466; x_wconf 67' lang='lat'><em>⁷</em></span> <span class='ocrx_word' id='word_1_48' title='bbox 83 449 154 488; x_wconf 92' lang='lat' dir='ltr'><strong>iam</strong></span> <span class='ocrx_word' id='word_1_49' title='bbox 175 448 287 487; x_wconf 88' lang='lat' dir='ltr'><strong>scalis</strong></span> <span class='ocrx_word' id='word_1_50' title='bbox 318 448 461 499; x_wconf 81' lang='lat' dir='ltr'>egressi</span> <span class='ocrx_word' id='word_1_51' title='bbox 482 446 622 486; x_wconf 80' lang='lat' dir='ltr'>milites</span> <span class='ocrx_word' id='word_1_52' title='bbox 641 458 763 497; x_wconf 84' lang='lat' dir='ltr'>prope</span> <span class='ocrx_word' id='word_1_53' title='bbox 795 458 941 485; x_wconf 90' lang='lat' dir='ltr'><strong>summa</strong></span> <span class='ocrx_word' id='word_1_54' title='bbox 972 450 1175 497; x_wconf 87' lang='lat' dir='ltr'><strong>ceperant,</strong></span> <span class='ocrx_word' id='word_1_55' title='bbox 1199 457 1286 483; x_wconf 90' lang='lat' dir='ltr'><strong>cum</strong></span> <span class='ocrx_word' id='word_1_56' title='bbox 1308 444 1493 507; x_wconf 85' lang='lat' dir='ltr'>oppidani</span> 
     </span>
     <span class='ocr_line' id='line_1_7' title="bbox 83 500 1532 555; baseline -0.003 -12"><span class='ocrx_word' id='word_1_57' title='bbox 83 510 342 550; x_wconf 79' lang='lat' dir='ltr'><strong>concurrunt,</strong></span> <span class='ocrx_word' id='word_1_58' title='bbox 373 504 518 555; x_wconf 88' lang='lat' dir='ltr'><strong>lapides</strong></span> <span class='ocrx_word' id='word_1_59' title='bbox 549 503 677 554; x_wconf 82' lang='lat' dir='ltr'>ignem</span> <span class='ocrx_word' id='word_1_60' title='bbox 706 502 775 541; x_wconf 88' lang='lat' dir='ltr'><strong>alia</strong></span> <span class='ocrx_word' id='word_1_61' title='bbox 797 509 993 552; x_wconf 86' lang='lat' dir='ltr'><strong>praeterea</strong></span> <span class='ocrx_word' id='word_1_62' title='bbox 1021 501 1094 541; x_wconf 88' lang='lat' dir='ltr'><strong>tela</strong></span> <span class='ocrx_word' id='word_1_63' title='bbox 1127 501 1323 551; x_wconf 90' lang='lat' dir='ltr'><strong>ingerunt.</strong></span> <span class='ocrx_word' id='word_1_64' title='bbox 1368 500 1492 538; x_wconf 83' lang='lat' dir='ltr'>nostri</span> <span class='ocrx_word' id='word_1_65' title='bbox 1515 507 1532 537; x_wconf 80' lang='lat'>7</span> 
     </span>
     <span class='ocr_line' id='line_1_8' title="bbox 82 556 1491 612; baseline -0.003 -13"><span class='ocrx_word' id='word_1_66' title='bbox 82 561 207 612; x_wconf 91' lang='lat' dir='ltr'><strong>primo</strong></span> <span class='ocrx_word' id='word_1_67' title='bbox 231 560 431 607; x_wconf 83' lang='lat' dir='ltr'><strong>resistere,</strong></span> <span class='ocrx_word' id='word_1_68' title='bbox 454 559 611 605; x_wconf 91' lang='lat' dir='ltr'><strong>deinde,</strong></span> <span class='ocrx_word' id='word_1_69' title='bbox 633 558 699 597; x_wconf 89' lang='lat' dir='ltr'><strong>ubi</strong></span> <span class='ocrx_word' id='word_1_70' title='bbox 722 571 820 597; x_wconf 89' lang='lat' dir='ltr'><strong>unae</strong></span> <span class='ocrx_word' id='word_1_71' title='bbox 841 566 955 609; x_wconf 90' lang='lat' dir='ltr'><strong>atque</strong></span> <span class='ocrx_word' id='word_1_72' title='bbox 977 558 1117 597; x_wconf 79' lang='lat' dir='ltr'>alterae</span> <span class='ocrx_word' id='word_1_73' title='bbox 1139 557 1263 596; x_wconf 88' lang='lat' dir='ltr'><strong>scalae</strong></span> <span class='ocrx_word' id='word_1_74' title='bbox 1286 556 1491 595; x_wconf 89' lang='lat' dir='ltr'><strong>conminu-</strong></span> 
     </span>
     <span class='ocr_line' id='line_1_9' title="bbox 83 613 1492 667; baseline -0.004 -12"><span class='ocrx_word' id='word_1_75' title='bbox 83 624 161 663; x_wconf 86' lang='lat' dir='ltr'><strong>tae,</strong></span> <span class='ocrx_word' id='word_1_76' title='bbox 185 616 250 667; x_wconf 92' lang='lat' dir='ltr'><strong>qui</strong></span> <span class='ocrx_word' id='word_1_77' title='bbox 272 621 578 667; x_wconf 79' lang='lat' dir='ltr'><strong>supersteterant</strong></span> <span class='ocrx_word' id='word_1_78' title='bbox 606 614 747 653; x_wconf 85' lang='lat' dir='ltr'><strong>adflicti</strong></span> <span class='ocrx_word' id='word_1_79' title='bbox 778 621 889 662; x_wconf 86' lang='lat' dir='ltr'><strong>sunt,</strong></span> <span class='ocrx_word' id='word_1_80' title='bbox 921 615 1035 653; x_wconf 86' lang='lat' dir='ltr'><strong>ceteri</strong></span> <span class='ocrx_word' id='word_1_81' title='bbox 1060 625 1217 665; x_wconf 89' lang='lat' dir='ltr'><strong>quoquo</strong></span> <span class='ocrx_word' id='word_1_82' title='bbox 1239 613 1354 651; x_wconf 91' lang='lat' dir='ltr'><strong>modo</strong></span> <span class='ocrx_word' id='word_1_83' title='bbox 1376 618 1492 663; x_wconf 92' lang='lat' dir='ltr'><strong>potu-</strong></span> 
     </span>
     <span class='ocr_line' id='line_1_10' title="bbox 83 668 1535 723; baseline -0.003 -12"><span class='ocrx_word' id='word_1_84' title='bbox 83 685 166 719; x_wconf 89' lang='lat' dir='ltr'><strong>ere,</strong></span> <span class='ocrx_word' id='word_1_85' title='bbox 188 672 303 723; x_wconf 89' lang='lat' dir='ltr'><strong>pauci</strong></span> <span class='ocrx_word' id='word_1_86' title='bbox 323 672 464 723; x_wconf 86' lang='lat' dir='ltr'><strong>integri</strong></span> <span class='ocrx_word' id='word_1_87' title='bbox 492 682 628 721; x_wconf 87' lang='lat' dir='ltr'><strong>magna</strong></span> <span class='ocrx_word' id='word_1_88' title='bbox 660 682 749 721; x_wconf 90' lang='lat' dir='ltr'><strong>pars</strong></span> <span class='ocrx_word' id='word_1_89' title='bbox 777 669 999 710; x_wconf 77' lang='lat' dir='ltr'><strong>volneribus</strong></span> <span class='ocrx_word' id='word_1_90' title='bbox 1028 669 1194 709; x_wconf 88' lang='lat' dir='ltr'><strong>confecti</strong></span> <span class='ocrx_word' id='word_1_91' title='bbox 1223 669 1378 707; x_wconf 88' lang='lat' dir='ltr'><strong>abeunt.</strong></span> <span class='ocrx_word' id='word_1_92' title='bbox 1428 668 1494 707; x_wconf 91' lang='lat' dir='ltr'><strong>de·</strong></span> <span class='ocrx_word' id='word_1_93' title='bbox 1517 674 1535 706; x_wconf 78' lang='lat' dir='ltr'>S</span> 
     </span>
     <span class='ocr_line' id='line_1_11' title="bbox 84 726 909 779; baseline -0.002 -12"><span class='ocrx_word' id='word_1_94' title='bbox 84 729 199 779; x_wconf 89' lang='lat' dir='ltr'><strong>nique</strong></span> <span class='ocrx_word' id='word_1_95' title='bbox 222 728 416 778; x_wconf 88' lang='lat' dir='ltr'><strong>utrimque</strong></span> <span class='ocrx_word' id='word_1_96' title='bbox 436 727 627 778; x_wconf 91' lang='lat' dir='ltr'><strong>proelium</strong></span> <span class='ocrx_word' id='word_1_97' title='bbox 648 738 724 764; x_wconf 85' lang='lat' dir='ltr'><strong>nox</strong></span> <span class='ocrx_word' id='word_1_98' title='bbox 745 726 909 765; x_wconf 88' lang='lat' dir='ltr'><strong>diremit.</strong></span> 
     </span>
    </p>

    <p class='ocr_par' dir='ltr' id='par_1_3' title="bbox 81 779 1570 2291">
     <span class='ocr_line' id='line_1_12' title="bbox 194 779 1563 834; baseline -0.004 -11"><span class='ocrx_word' id='word_1_99' title='bbox 194 784 370 823; x_wconf 85' lang='lat' dir='ltr'><strong>Metellus</strong></span> <span class='ocrx_word' id='word_1_100' title='bbox 390 791 594 834; x_wconf 79' lang='lat' dir='ltr'><strong>postquam</strong></span> <span class='ocrx_word' id='word_1_101' title='bbox 616 782 716 821; x_wconf 91' lang='lat' dir='ltr'><strong>videt</strong></span> <span class='ocrx_word' id='word_1_102' title='bbox 736 782 879 820; x_wconf 88' lang='lat' dir='ltr'><strong>frustra</strong></span> <span class='ocrx_word' id='word_1_103' title='bbox 910 783 1130 833; x_wconf 86' lang='lat' dir='ltr'><strong>inceptum,</strong></span> <span class='ocrx_word' id='word_1_104' title='bbox 1154 792 1282 831; x_wconf 91' lang='lat' dir='ltr'><strong>neque</strong></span> <span class='ocrx_word' id='word_1_105' title='bbox 1304 779 1493 831; x_wconf 92' lang='lat' dir='ltr'><strong>oppidum</strong></span> <span class='ocrx_word' id='word_1_106' title='bbox 1518 783 1563 818; x_wconf 82' lang='grc'><strong>61</strong></span> 
     </span>
     <span class='ocr_line' id='line_1_13' title="bbox 81 836 1493 891; baseline -0.004 -12"><span class='ocrx_word' id='word_1_107' title='bbox 81 841 166 891; x_wconf 86' lang='lat' dir='ltr'><strong>capi</strong></span> <span class='ocrx_word' id='word_1_108' title='bbox 187 852 314 891; x_wconf 92' lang='lat' dir='ltr'><strong>neque</strong></span> <span class='ocrx_word' id='word_1_109' title='bbox 346 839 569 890; x_wconf 87' lang='lat' dir='ltr'><strong>Iugurtham</strong></span> <span class='ocrx_word' id='word_1_110' title='bbox 600 839 673 877; x_wconf 88' lang='lat' dir='ltr'><strong>nisi</strong></span> <span class='ocrx_word' id='word_1_111' title='bbox 705 850 749 877; x_wconf 85' lang='lat' dir='ltr'><strong>ex</strong></span> <span class='ocrx_word' id='word_1_112' title='bbox 778 838 928 877; x_wconf 89' lang='lat' dir='ltr'><strong>insidiis</strong></span> <span class='ocrx_word' id='word_1_113' title='bbox 958 843 1024 876; x_wconf 90' lang='lat' dir='ltr'><strong>aut</strong></span> <span class='ocrx_word' id='word_1_114' title='bbox 1045 849 1116 876; x_wconf 87' lang='lat' dir='ltr'><strong>suo</strong></span> <span class='ocrx_word' id='word_1_115' title='bbox 1137 837 1223 875; x_wconf 87' lang='lat' dir='ltr'><strong>loco</strong></span> <span class='ocrx_word' id='word_1_116' title='bbox 1244 848 1416 887; x_wconf 91' lang='lat' dir='ltr'><strong>pugnam</strong></span> <span class='ocrx_word' id='word_1_117' title='bbox 1437 836 1493 874; x_wconf 92' lang='lat' dir='ltr'><strong>fa-</strong></span> 
     </span>
     <span class='ocr_line' id='line_1_14' title="bbox 81 892 1493 941; baseline -0.004 -6"><span class='ocrx_word' id='word_1_118' title='bbox 81 908 168 935; x_wconf 88' lang='lat' dir='ltr'><strong>cere</strong></span> <span class='ocrx_word' id='word_1_119' title='bbox 197 902 232 934; x_wconf 90' lang='lat' dir='ltr'><strong>et</strong></span> <span class='ocrx_word' id='word_1_120' title='bbox 261 896 334 934; x_wconf 88' lang='lat' dir='ltr'><strong>iam</strong></span> <span class='ocrx_word' id='word_1_121' title='bbox 364 901 545 935; x_wconf 82' lang='lat' dir='ltr'><strong>aestatem</strong></span> <span class='ocrx_word' id='word_1_122' title='bbox 575 900 743 933; x_wconf 75' lang='lat' dir='ltr'><strong>exactam</strong></span> <span class='ocrx_word' id='word_1_123' title='bbox 775 906 876 941; x_wconf 90' lang='lat' dir='ltr'><strong>esse,</strong></span> <span class='ocrx_word' id='word_1_124' title='bbox 909 894 954 932; x_wconf 90' lang='lat' dir='ltr'><strong>ab</strong></span> <span class='ocrx_word' id='word_1_125' title='bbox 983 894 1094 932; x_wconf 88' lang='lat' dir='ltr'><strong>Zama</strong></span> <span class='ocrx_word' id='word_1_126' title='bbox 1123 892 1284 932; x_wconf 84' lang='lat' dir='ltr'><strong>discedit</strong></span> <span class='ocrx_word' id='word_1_127' title='bbox 1313 899 1350 931; x_wconf 87' lang='lat' dir='ltr'><strong>et</strong></span> <span class='ocrx_word' id='word_1_128' title='bbox 1375 892 1415 930; x_wconf 91' lang='lat' dir='ltr'><strong>in</strong></span> <span class='ocrx_word' id='word_1_129' title='bbox 1439 892 1493 930; x_wconf 90' lang='lat' dir='ltr'><strong>eis</strong></span> 
     </span>
     <span class='ocr_line' id='line_1_15' title="bbox 82 949 1493 1002; baseline -0.004 -11"><span class='ocrx_word' id='word_1_130' title='bbox 82 951 264 996; x_wconf 79' lang='lat' dir='ltr'><strong>urbibus,</strong></span> <span class='ocrx_word' id='word_1_131' title='bbox 287 964 384 1002; x_wconf 90' lang='lat' dir='ltr'><strong>quae</strong></span> <span class='ocrx_word' id='word_1_132' title='bbox 415 952 460 990; x_wconf 89' lang='lat' dir='ltr'><strong>ad</strong></span> <span class='ocrx_word' id='word_1_133' title='bbox 483 964 523 990; x_wconf 92' lang='lat' dir='ltr'><strong>se</strong></span> <span class='ocrx_word' id='word_1_134' title='bbox 553 951 775 989; x_wconf 83' lang='lat' dir='ltr'><strong>defecerant</strong></span> <span class='ocrx_word' id='word_1_135' title='bbox 803 951 971 1001; x_wconf 88' lang='lat' dir='ltr'><strong>satisque</strong></span> <span class='ocrx_word' id='word_1_136' title='bbox 1000 950 1172 988; x_wconf 89' lang='lat' dir='ltr'><strong>munitae</strong></span> <span class='ocrx_word' id='word_1_137' title='bbox 1193 949 1278 988; x_wconf 91' lang='lat' dir='ltr'><strong>loco</strong></span> <span class='ocrx_word' id='word_1_138' title='bbox 1300 955 1366 987; x_wconf 90' lang='lat' dir='ltr'><strong>aut</strong></span> <span class='ocrx_word' id='word_1_139' title='bbox 1385 960 1493 986; x_wconf 90' lang='lat' dir='ltr'><strong>moe-</strong></span> 
     </span>
     <span class='ocr_line' id='line_1_16' title="bbox 84 1005 1535 1059; baseline -0.002 -13"><span class='ocrx_word' id='word_1_140' title='bbox 84 1008 196 1047; x_wconf 87' lang='lat' dir='ltr'><strong>nibus</strong></span> <span class='ocrx_word' id='word_1_141' title='bbox 214 1015 335 1056; x_wconf 88' lang='lat' dir='ltr'><strong>erant,</strong></span> <span class='ocrx_word' id='word_1_142' title='bbox 357 1007 546 1059; x_wconf 88' lang='lat' dir='ltr'><strong>praesidia</strong></span> <span class='ocrx_word' id='word_1_143' title='bbox 563 1007 728 1058; x_wconf 85' lang='lat' dir='ltr'><strong>inponit.</strong></span> <span class='ocrx_word' id='word_1_144' title='bbox 770 1013 939 1045; x_wconf 89' lang='lat' dir='ltr'><strong>ceterum</strong></span> <span class='ocrx_word' id='word_1_145' title='bbox 958 1006 1167 1045; x_wconf 82' lang='lat' dir='ltr'><strong>exercitum</strong></span> <span class='ocrx_word' id='word_1_146' title='bbox 1184 1005 1223 1044; x_wconf 95' lang='lat' dir='ltr'><strong>in</strong></span> <span class='ocrx_word' id='word_1_147' title='bbox 1241 1005 1491 1056; x_wconf 76' lang='lat' dir='ltr'><strong>provinciam,</strong></span> <span class='ocrx_word' id='word_1_148' title='bbox 1516 1011 1535 1042; x_wconf 80' lang='lat'>2</span> 
     </span>
     <span class='ocr_line' id='line_1_17' title="bbox 82 1061 1535 1115; baseline -0.003 -12"><span class='ocrx_word' id='word_1_149' title='bbox 82 1076 177 1115; x_wconf 89' lang='lat' dir='ltr'><strong>quae</strong></span> <span class='ocrx_word' id='word_1_150' title='bbox 206 1076 394 1115; x_wconf 88' lang='lat' dir='ltr'><strong>proxuma</strong></span> <span class='ocrx_word' id='word_1_151' title='bbox 424 1069 481 1103; x_wconf 88' lang='lat' dir='ltr'><strong>est</strong></span> <span class='ocrx_word' id='word_1_152' title='bbox 515 1063 737 1110; x_wconf 70' lang='lat' dir='ltr'><strong>Numidiae,</strong></span> <span class='ocrx_word' id='word_1_153' title='bbox 767 1061 961 1101; x_wconf 90' lang='lat' dir='ltr'><strong>hiemandi</strong></span> <span class='ocrx_word' id='word_1_154' title='bbox 990 1062 1109 1112; x_wconf 88' lang='lat' dir='ltr'><strong>gratia</strong></span> <span class='ocrx_word' id='word_1_155' title='bbox 1139 1061 1328 1100; x_wconf 86' lang='lat' dir='ltr'><strong>conlocat.</strong></span> <span class='ocrx_word' id='word_1_156' title='bbox 1366 1072 1493 1111; x_wconf 90' lang='lat' dir='ltr'><strong>neque</strong></span> <span class='ocrx_word' id='word_1_157' title='bbox 1517 1067 1535 1097; x_wconf 75' lang='grc'><strong>3</strong></span> 
     </span>
     <span class='ocr_line' id='line_1_18' title="bbox 81 1116 1495 1171; baseline -0.003 -13"><span class='ocrx_word' id='word_1_158' title='bbox 81 1120 118 1158; x_wconf 83' lang='grc'><strong>111</strong></span> <span class='ocrx_word' id='word_1_159' title='bbox 146 1127 300 1171; x_wconf 90' lang='lat' dir='ltr'><strong>tempus</strong></span> <span class='ocrx_word' id='word_1_160' title='bbox 330 1133 374 1158; x_wconf 84' lang='lat' dir='ltr'><strong>ex</strong></span> <span class='ocrx_word' id='word_1_161' title='bbox 405 1120 566 1158; x_wconf 90' lang='lat' dir='ltr'><strong>aliorum</strong></span> <span class='ocrx_word' id='word_1_162' title='bbox 597 1131 704 1158; x_wconf 90' lang='lat' dir='ltr'><strong>more</strong></span> <span class='ocrx_word' id='word_1_163' title='bbox 744 1119 862 1170; x_wconf 87' lang='lat' dir='ltr'><strong>quieti</strong></span> <span class='ocrx_word' id='word_1_164' title='bbox 892 1125 955 1158; x_wconf 89' lang='lat' dir='ltr'><strong>aut</strong></span> <span class='ocrx_word' id='word_1_165' title='bbox 994 1118 1167 1156; x_wconf 85' lang='lat' dir='ltr'><strong>luxuriae</strong></span> <span class='ocrx_word' id='word_1_166' title='bbox 1198 1117 1396 1164; x_wconf 88' lang='lat' dir='ltr'><strong>concedit,</strong></span> <span class='ocrx_word' id='word_1_167' title='bbox 1428 1116 1495 1155; x_wconf 88' lang='lat' dir='ltr'><strong>sed</strong></span> 
     </span>
     <span class='ocr_line' id='line_1_19' title="bbox 81 1173 1493 1226; baseline -0.002 -12"><span class='ocrx_word' id='word_1_168' title='bbox 81 1177 261 1226; x_wconf 90' lang='lat' dir='ltr'><strong>quoniam</strong></span> <span class='ocrx_word' id='word_1_169' title='bbox 284 1177 399 1214; x_wconf 89' lang='lat' dir='ltr'><strong>armis</strong></span> <span class='ocrx_word' id='word_1_170' title='bbox 419 1175 562 1214; x_wconf 89' lang='lat' dir='ltr'><strong>bellum</strong></span> <span class='ocrx_word' id='word_1_171' title='bbox 588 1188 723 1226; x_wconf 88' lang='lat' dir='ltr'><strong>parum</strong></span> <span class='ocrx_word' id='word_1_172' title='bbox 746 1175 999 1226; x_wconf 85' lang='lat' dir='ltr'><strong>proc-edebat,</strong></span> <span class='ocrx_word' id='word_1_173' title='bbox 1029 1174 1186 1213; x_wconf 89' lang='lat' dir='ltr'><strong>insidias</strong></span> <span class='ocrx_word' id='word_1_174' title='bbox 1206 1173 1287 1223; x_wconf 89' lang='lat' dir='ltr'><strong>regi</strong></span> <span class='ocrx_word' id='word_1_175' title='bbox 1309 1185 1380 1224; x_wconf 93' lang='lat' dir='ltr'><strong>per</strong></span> <span class='ocrx_word' id='word_1_176' title='bbox 1400 1173 1493 1211; x_wconf 90' lang='lat' dir='ltr'><strong>ami-</strong></span> 
     </span>
     <span class='ocr_line' id='line_1_20' title="bbox 83 1229 1537 1282; baseline -0.003 -12"><span class='ocrx_word' id='word_1_177' title='bbox 83 1244 148 1270; x_wconf 84' lang='lat' dir='ltr'><strong>cos</strong></span> <span class='ocrx_word' id='word_1_178' title='bbox 178 1232 336 1271; x_wconf 90' lang='lat' dir='ltr'><strong>tendere</strong></span> <span class='ocrx_word' id='word_1_179' title='bbox 367 1238 403 1270; x_wconf 90' lang='lat' dir='ltr'><strong>et</strong></span> <span class='ocrx_word' id='word_1_180' title='bbox 433 1244 566 1270; x_wconf 89' lang='lat' dir='ltr'><strong>eorum</strong></span> <span class='ocrx_word' id='word_1_181' title='bbox 598 1232 757 1282; x_wconf 89' lang='lat' dir='ltr'><strong>perfidia</strong></span> <span class='ocrx_word' id='word_1_182' title='bbox 786 1243 857 1282; x_wconf 92' lang='lat' dir='ltr'><strong>pro</strong></span> <span class='ocrx_word' id='word_1_183' title='bbox 889 1231 1004 1270; x_wconf 87' lang='lat' dir='ltr'><strong>armis</strong></span> <span class='ocrx_word' id='word_1_184' title='bbox 1025 1231 1079 1269; x_wconf 90' lang='grc'><strong>1111</strong></span> <span class='ocrx_word' id='word_1_185' title='bbox 1112 1236 1231 1281; x_wconf 86' lang='lat' dir='ltr'><strong>parat.</strong></span> <span class='ocrx_word' id='word_1_186' title='bbox 1281 1230 1399 1279; x_wconf 91' lang='lat' dir='ltr'><strong>igitur</strong></span> <span class='ocrx_word' id='word_1_187' title='bbox 1418 1229 1494 1267; x_wconf 90' lang='lat' dir='ltr'><strong>Bo-</strong></span> <span class='ocrx_word' id='word_1_188' title='bbox 1518 1236 1537 1266; x_wconf 85' lang='lat'>4</span> 
     </span>
     <span class='ocr_line' id='line_1_21' title="bbox 84 1284 1494 1338; baseline -0.002 -12"><span class='ocrx_word' id='word_1_189' title='bbox 84 1288 297 1334; x_wconf 67' lang='lat' dir='ltr'><strong>milcarem,</strong></span> <span class='ocrx_word' id='word_1_190' title='bbox 322 1288 387 1338; x_wconf 91' lang='lat' dir='ltr'><strong>qui</strong></span> <span class='ocrx_word' id='word_1_191' title='bbox 410 1287 551 1326; x_wconf 85' lang='lat' dir='ltr'><strong>Romae</strong></span> <span class='ocrx_word' id='word_1_192' title='bbox 574 1300 661 1326; x_wconf 91' lang='lat' dir='ltr'><strong>cum</strong></span> <span class='ocrx_word' id='word_1_193' title='bbox 690 1288 876 1338; x_wconf 84' lang='lat' dir='ltr'><strong>Iugurtha</strong></span> <span class='ocrx_word' id='word_1_194' title='bbox 895 1287 1021 1326; x_wconf 86' lang='lat' dir='ltr'><strong>fuerat</strong></span> <span class='ocrx_word' id='word_1_195' title='bbox 1051 1292 1087 1325; x_wconf 91' lang='lat' dir='ltr'><strong>et</strong></span> <span class='ocrx_word' id='word_1_196' title='bbox 1109 1287 1198 1325; x_wconf 90' lang='lat' dir='ltr'><strong>inde</strong></span> <span class='ocrx_word' id='word_1_197' title='bbox 1218 1285 1377 1324; x_wconf 86' lang='lat' dir='ltr'><strong>vadibus</strong></span> <span class='ocrx_word' id='word_1_198' title='bbox 1399 1284 1494 1323; x_wconf 88' lang='lat' dir='ltr'><strong>datis</strong></span> 
     </span>
     <span class='ocr_line' id='line_1_22' title="bbox 81 1341 1494 1394; baseline -0.001 -13"><span class='ocrx_word' id='word_1_199' title='bbox 81 1344 127 1382; x_wconf 86' lang='lat' dir='ltr'><strong>de</strong></span> <span class='ocrx_word' id='word_1_200' title='bbox 148 1344 330 1383; x_wconf 81' lang='lat' dir='ltr'><strong>Massivae</strong></span> <span class='ocrx_word' id='word_1_201' title='bbox 362 1356 456 1383; x_wconf 87' lang='lat' dir='ltr'><strong>nece</strong></span> <span class='ocrx_word' id='word_1_202' title='bbox 478 1344 662 1383; x_wconf 87' lang='lat' dir='ltr'><strong>iudicium</strong></span> <span class='ocrx_word' id='word_1_203' title='bbox 682 1344 853 1394; x_wconf 85' lang='lat' dir='ltr'><strong>fugerat,</strong></span> <span class='ocrx_word' id='word_1_204' title='bbox 889 1343 993 1393; x_wconf 91' lang='lat' dir='ltr'><strong>quod</strong></span> <span class='ocrx_word' id='word_1_205' title='bbox 1015 1342 1048 1381; x_wconf 92' lang='lat' dir='ltr'><strong>ei</strong></span> <span class='ocrx_word' id='word_1_206' title='bbox 1070 1354 1143 1393; x_wconf 91' lang='lat' dir='ltr'><strong>per</strong></span> <span class='ocrx_word' id='word_1_207' title='bbox 1161 1353 1379 1380; x_wconf 78' lang='lat' dir='ltr'><strong>maxumam</strong></span> <span class='ocrx_word' id='word_1_208' title='bbox 1400 1341 1494 1379; x_wconf 90' lang='lat' dir='ltr'><strong>ami-</strong></span> 
     </span>
     <span class='ocr_line' id='line_1_23' title="bbox 82 1397 1494 1451; baseline -0.002 -13"><span class='ocrx_word' id='word_1_209' title='bbox 82 1400 207 1439; x_wconf 83' lang='lat' dir='ltr'><strong>citiam</strong></span> <span class='ocrx_word' id='word_1_210' title='bbox 252 1412 425 1439; x_wconf 80' lang='lat' dir='ltr'><strong>maxuma</strong></span> <span class='ocrx_word' id='word_1_211' title='bbox 479 1400 587 1451; x_wconf 88' lang='lat' dir='ltr'><strong>copia</strong></span> <span class='ocrx_word' id='word_1_212' title='bbox 630 1400 792 1439; x_wconf 84' lang='lat' dir='ltr'><strong>fallundi</strong></span> <span class='ocrx_word' id='word_1_213' title='bbox 829 1411 870 1438; x_wconf 85' lang='lat' dir='ltr'><strong>el</strong></span> <span class='ocrx_word' id='word_1_214' title='bbox 873 1405 927 1446; x_wconf 89' lang='lat' dir='ltr'><strong>at</strong></span> <span class='ocrx_word' id='word_1_215' title='bbox 975 1398 1107 1437; x_wconf 90' lang='lat' dir='ltr'><strong>multis</strong></span> <span class='ocrx_word' id='word_1_216' title='bbox 1150 1397 1494 1449; x_wconf 86' lang='lat' dir='ltr'><strong>pollicitationibus</strong></span> 
     </span>
     <span class='ocr_line' id='line_1_24' title="bbox 81 1452 1537 1517; baseline -0.002 -23"><span class='ocrx_word' id='word_1_217' title='bbox 81 1456 314 1507; x_wconf 84' lang='lat' dir='ltr'><strong>aggreditur.</strong></span> <span class='ocrx_word' id='word_1_218' title='bbox 356 1468 399 1494; x_wconf 89' lang='lat' dir='ltr'><strong>ac</strong></span> <span class='ocrx_word' id='word_1_219' title='bbox 426 1456 552 1507; x_wconf 91' lang='lat' dir='ltr'><strong>primo</strong></span> <span class='ocrx_word' id='word_1_220' title='bbox 583 1456 699 1495; x_wconf 87' lang='lat' dir='ltr'><strong>efficit</strong></span> <span class='ocrx_word' id='word_1_221' title='bbox 720 1456 775 1494; x_wconf 88' lang='lat' dir='ltr'><strong>uti</strong></span> <span class='ocrx_word' id='word_1_222' title='bbox 805 1456 849 1494; x_wconf 91' lang='lat' dir='ltr'><strong>ad</strong></span> <span class='ocrx_word' id='word_1_223' title='bbox 871 1468 911 1494; x_wconf 87' lang='lat' dir='ltr'><strong>se</strong></span> <span class='ocrx_word' id='word_1_224' title='bbox 942 1454 1242 1517; x_wconf 68' lang='lat' dir='ltr'><strong>conloquendio</strong></span> <span class='ocrx_word' id='word_1_225' title='bbox 1223 1453 1341 1492; x_wconf 66' lang='lat' dir='ltr'><strong>aratia</strong></span> <span class='ocrx_word' id='word_1_226' title='bbox 1363 1452 1537 1492; x_wconf 87' lang='lat' dir='ltr'><strong>occul-5</strong></span> 
     </span>
     <span class='ocr_line' id='line_1_25' title="bbox 83 1511 1493 1562; baseline -0.002 -11"><span class='ocrx_word' id='word_1_227' title='bbox 83 1518 144 1551; x_wconf 87' lang='lat' dir='ltr'><strong>tus</strong></span> <span class='ocrx_word' id='word_1_228' title='bbox 172 1513 319 1557; x_wconf 79' lang='lat' dir='ltr'><strong>veniat,</strong></span> <span class='ocrx_word' id='word_1_229' title='bbox 350 1512 488 1551; x_wconf 89' lang='lat' dir='ltr'><strong>deinde</strong></span> <span class='ocrx_word' id='word_1_230' title='bbox 508 1512 590 1550; x_wconf 86' lang='lat' dir='ltr'><strong>fide</strong></span> <span class='ocrx_word' id='word_1_231' title='bbox 621 1512 726 1558; x_wconf 90' lang='lat' dir='ltr'><strong>data,</strong></span> <span class='ocrx_word' id='word_1_232' title='bbox 757 1512 787 1549; x_wconf 93' lang='lat' dir='ltr'><strong>si</strong></span> <span class='ocrx_word' id='word_1_233' title='bbox 816 1511 1041 1562; x_wconf 86' lang='lat' dir='ltr'><strong>Iugurtham</strong></span> <span class='ocrx_word' id='word_1_234' title='bbox 1070 1511 1192 1548; x_wconf 67' lang='lat' dir='ltr'><strong>vivom</strong></span> <span class='ocrx_word' id='word_1_235' title='bbox 1223 1516 1288 1548; x_wconf 88' lang='lat' dir='ltr'><strong>aut</strong></span> <span class='ocrx_word' id='word_1_236' title='bbox 1316 1516 1493 1548; x_wconf 87' lang='lat' dir='ltr'><strong>necatum</strong></span> 
     </span>
     <span class='ocr_line' id='line_1_26' title="bbox 82 1543 1494 1618; baseline -0.002 -12"><span class='ocrx_word' id='word_1_237' title='bbox 82 1568 152 1607; x_wconf 91' lang='lat' dir='ltr'><strong>sibi</strong></span> <span class='ocrx_word' id='word_1_238' title='bbox 183 1543 421 1615; x_wconf 82' lang='lat' dir='ltr'><strong>tradidisset,</strong></span> <span class='ocrx_word' id='word_1_239' title='bbox 452 1568 535 1606; x_wconf 89' lang='lat' dir='ltr'><strong>fore</strong></span> <span class='ocrx_word' id='word_1_240' title='bbox 562 1574 605 1606; x_wconf 91' lang='lat' dir='ltr'><strong>ut</strong></span> <span class='ocrx_word' id='word_1_241' title='bbox 635 1568 689 1606; x_wconf 92' lang='lat' dir='ltr'><strong>illi</strong></span> <span class='ocrx_word' id='word_1_242' title='bbox 718 1573 875 1606; x_wconf 87' lang='lat' dir='ltr'><strong>senatus</strong></span> <span class='ocrx_word' id='word_1_243' title='bbox 911 1566 1169 1618; x_wconf 88' lang='lat' dir='ltr'><strong>inpunitatem</strong></span> <span class='ocrx_word' id='word_1_244' title='bbox 1200 1571 1236 1604; x_wconf 89' lang='lat' dir='ltr'><strong>et</strong></span> <span class='ocrx_word' id='word_1_245' title='bbox 1266 1577 1334 1603; x_wconf 91' lang='lat' dir='ltr'><strong>sua</strong></span> <span class='ocrx_word' id='word_1_246' title='bbox 1366 1566 1494 1604; x_wconf 91' lang='lat' dir='ltr'><strong>omnia</strong></span> 
     </span>
     <span class='ocr_line' id='line_1_27' title="bbox 82 1621 1496 1675; baseline -0.003 -12"><span class='ocrx_word' id='word_1_247' title='bbox 82 1625 331 1671; x_wconf 87' lang='lat' dir='ltr'><strong>concederet,</strong></span> <span class='ocrx_word' id='word_1_248' title='bbox 363 1623 472 1662; x_wconf 89' lang='lat' dir='ltr'><strong>facile</strong></span> <span class='ocrx_word' id='word_1_249' title='bbox 502 1623 688 1663; x_wconf 78' lang='lat' dir='ltr'><strong>Numidae</strong></span> <span class='ocrx_word' id='word_1_250' title='bbox 718 1623 925 1675; x_wconf 85' lang='lat' dir='ltr'><strong>persuadet</strong></span> <span class='ocrx_word' id='word_1_251' title='bbox 956 1635 1041 1661; x_wconf 91' lang='lat' dir='ltr'><strong>cum</strong></span> <span class='ocrx_word' id='word_1_252' title='bbox 1074 1621 1234 1672; x_wconf 91' lang='lat' dir='ltr'><strong>ingenio</strong></span> <span class='ocrx_word' id='word_1_253' title='bbox 1266 1622 1384 1660; x_wconf 90' lang='lat' dir='ltr'><strong>infido</strong></span> <span class='ocrx_word' id='word_1_254' title='bbox 1415 1628 1496 1660; x_wconf 83' lang='lat' dir='ltr'><strong>tum</strong></span> 
     </span>
     <span class='ocr_line' id='line_1_28' title="bbox 82 1677 1497 1731; baseline -0.003 -12"><span class='ocrx_word' id='word_1_255' title='bbox 82 1680 267 1719; x_wconf 88' lang='lat' dir='ltr'><strong>metuenti</strong></span> <span class='ocrx_word' id='word_1_256' title='bbox 290 1693 352 1727; x_wconf 88' lang='lat' dir='ltr'><strong>ne,</strong></span> <span class='ocrx_word' id='word_1_257' title='bbox 378 1681 409 1719; x_wconf 90' lang='lat' dir='ltr'><strong>si</strong></span> <span class='ocrx_word' id='word_1_258' title='bbox 429 1692 503 1731; x_wconf 90' lang='lat' dir='ltr'><strong>pax</strong></span> <span class='ocrx_word' id='word_1_259' title='bbox 525 1692 612 1718; x_wconf 91' lang='lat' dir='ltr'><strong>cum</strong></span> <span class='ocrx_word' id='word_1_260' title='bbox 634 1680 818 1718; x_wconf 89' lang='lat' dir='ltr'><strong>Romanis</strong></span> <span class='ocrx_word' id='word_1_261' title='bbox 839 1680 959 1724; x_wconf 86' lang='lat' dir='ltr'><strong>fieret,</strong></span> <span class='ocrx_word' id='word_1_262' title='bbox 984 1679 1067 1730; x_wconf 90' lang='lat' dir='ltr'><strong>ipse</strong></span> <span class='ocrx_word' id='word_1_263' title='bbox 1088 1690 1159 1729; x_wconf 87' lang='lat' dir='ltr'><strong>per</strong></span> <span class='ocrx_word' id='word_1_264' title='bbox 1180 1677 1429 1716; x_wconf 87' lang='lat' dir='ltr'><strong>condiciones</strong></span> <span class='ocrx_word' id='word_1_265' title='bbox 1451 1678 1497 1716; x_wconf 88' lang='lat' dir='ltr'><strong>ad</strong></span> 
     </span>
     <span class='ocr_line' id='line_1_29' title="bbox 83 1733 1570 1788; baseline -0.003 -13"><span class='ocrx_word' id='word_1_266' title='bbox 83 1736 317 1788; x_wconf 91' lang='lat' dir='ltr'><strong>supplicium</strong></span> <span class='ocrx_word' id='word_1_267' title='bbox 339 1737 567 1776; x_wconf 88' lang='lat' dir='ltr'><strong>traderetur.</strong></span> <span class='ocrx_word' id='word_1_268' title='bbox 609 1737 654 1783; x_wconf 87' lang='lat' dir='ltr'><strong>is,</strong></span> <span class='ocrx_word' id='word_1_269' title='bbox 676 1736 742 1774; x_wconf 91' lang='lat' dir='ltr'><strong>ubi</strong></span> <span class='ocrx_word' id='word_1_270' title='bbox 775 1735 945 1786; x_wconf 91' lang='lat' dir='ltr'><strong>primum</strong></span> <span class='ocrx_word' id='word_1_271' title='bbox 967 1741 1235 1785; x_wconf 90' lang='lat' dir='ltr'><strong>opportunum</strong></span> <span class='ocrx_word' id='word_1_272' title='bbox 1255 1734 1341 1782; x_wconf 87' lang='lat' dir='ltr'><strong>suit,</strong></span> <span class='ocrx_word' id='word_1_273' title='bbox 1358 1733 1497 1783; x_wconf 90' lang='lat' dir='ltr'><strong>lugur-</strong></span> <span class='ocrx_word' id='word_1_274' title='bbox 1521 1735 1570 1771; x_wconf 76' lang='grc'><em>62</em></span> 
     </span>
     <span class='ocr_line' id='line_1_30' title="bbox 84 1791 1497 1840; baseline -0.003 -8"><span class='ocrx_word' id='word_1_275' title='bbox 84 1793 184 1831; x_wconf 90' lang='lat' dir='ltr'><strong>tham</strong></span> <span class='ocrx_word' id='word_1_276' title='bbox 207 1793 363 1832; x_wconf 83' lang='lat' dir='ltr'><strong>anxium</strong></span> <span class='ocrx_word' id='word_1_277' title='bbox 385 1805 429 1831; x_wconf 89' lang='lat' dir='ltr'><strong>ac</strong></span> <span class='ocrx_word' id='word_1_278' title='bbox 450 1793 697 1831; x_wconf 87' lang='lat' dir='ltr'><strong>miserantem</strong></span> <span class='ocrx_word' id='word_1_279' title='bbox 719 1792 894 1830; x_wconf 87' lang='lat' dir='ltr'><strong>fortunas</strong></span> <span class='ocrx_word' id='word_1_280' title='bbox 919 1803 1007 1829; x_wconf 90' lang='grc'><strong>51135</strong></span> <span class='ocrx_word' id='word_1_281' title='bbox 1028 1791 1188 1829; x_wconf 85' lang='lat' dir='ltr'><strong>adcedit.</strong></span> <span class='ocrx_word' id='word_1_282' title='bbox 1229 1795 1363 1828; x_wconf 91' lang='lat' dir='ltr'><strong>monet</strong></span> <span class='ocrx_word' id='word_1_283' title='bbox 1382 1795 1497 1840; x_wconf 87' lang='lat' dir='ltr'><strong>atque</strong></span> 
     </span>
     <span class='ocr_line' id='line_1_31' title="bbox 84 1845 1497 1898; baseline -0.002 -12"><span class='ocrx_word' id='word_1_284' title='bbox 84 1849 301 1888; x_wconf 87' lang='lat' dir='ltr'><strong>lacrumans</strong></span> <span class='ocrx_word' id='word_1_285' title='bbox 323 1848 536 1887; x_wconf 88' lang='lat' dir='ltr'><strong>obtestatur</strong></span> <span class='ocrx_word' id='word_1_286' title='bbox 566 1849 620 1886; x_wconf 90' lang='lat' dir='ltr'><strong>uti</strong></span> <span class='ocrx_word' id='word_1_287' title='bbox 652 1847 858 1898; x_wconf 90' lang='lat' dir='ltr'><strong>aliquando</strong></span> <span class='ocrx_word' id='word_1_288' title='bbox 891 1846 962 1885; x_wconf 91' lang='lat' dir='ltr'><strong>sibi</strong></span> <span class='ocrx_word' id='word_1_289' title='bbox 983 1846 1196 1897; x_wconf 89' lang='lat' dir='ltr'><strong>liberisque</strong></span> <span class='ocrx_word' id='word_1_290' title='bbox 1228 1853 1265 1884; x_wconf 89' lang='lat' dir='ltr'><strong>et</strong></span> <span class='ocrx_word' id='word_1_291' title='bbox 1287 1845 1395 1896; x_wconf 86' lang='lat' dir='ltr'><strong>genti</strong></span> <span class='ocrx_word' id='word_1_292' title='bbox 1415 1845 1497 1883; x_wconf 70' lang='lat' dir='ltr'><strong>Nu-</strong></span> 
     </span>
     <span class='ocr_line' id='line_1_32' title="bbox 84 1901 1496 1955; baseline -0.002 -12"><span class='ocrx_word' id='word_1_293' title='bbox 84 1904 272 1943; x_wconf 89' lang='lat' dir='ltr'><strong>midarum</strong></span> <span class='ocrx_word' id='word_1_294' title='bbox 295 1911 452 1955; x_wconf 89' lang='lat' dir='ltr'><strong>optume</strong></span> <span class='ocrx_word' id='word_1_295' title='bbox 469 1904 627 1942; x_wconf 81' lang='lat' dir='ltr'><strong>meritae.</strong></span> <span class='ocrx_word' id='word_1_296' title='bbox 648 1903 856 1954; x_wconf 68' lang='lat' dir='ltr'><strong>provideat,</strong></span> <span class='ocrx_word' id='word_1_297' title='bbox 879 1901 1060 1941; x_wconf 88' lang='lat' dir='ltr'><strong>omnibus</strong></span> <span class='ocrx_word' id='word_1_298' title='bbox 1081 1902 1240 1953; x_wconf 87' lang='lat' dir='ltr'><strong>proeliis</strong></span> <span class='ocrx_word' id='word_1_299' title='bbox 1262 1914 1347 1940; x_wconf 88' lang='lat' dir='ltr'><strong>sese</strong></span> <span class='ocrx_word' id='word_1_300' title='bbox 1364 1901 1496 1948; x_wconf 80' lang='lat' dir='ltr'><strong>victos,</strong></span> 
     </span>
     <span class='ocr_line' id='line_1_33' title="bbox 84 1958 1498 2010; baseline -0.003 -11"><span class='ocrx_word' id='word_1_301' title='bbox 84 1972 220 2009; x_wconf 87' lang='lat' dir='ltr'><strong>agrum</strong></span> <span class='ocrx_word' id='word_1_302' title='bbox 239 1966 439 2007; x_wconf 87' lang='lat' dir='ltr'><strong>vastatum,</strong></span> <span class='ocrx_word' id='word_1_303' title='bbox 460 1959 602 1999; x_wconf 90' lang='lat' dir='ltr'><strong>multos</strong></span> <span class='ocrx_word' id='word_1_304' title='bbox 623 1959 795 1998; x_wconf 82' lang='lat' dir='ltr'><strong>mortalis</strong></span> <span class='ocrx_word' id='word_1_305' title='bbox 817 1964 949 2010; x_wconf 83' lang='lat' dir='ltr'><strong>captos</strong></span> <span class='ocrx_word' id='word_1_306' title='bbox 970 1958 1132 2005; x_wconf 87' lang='lat' dir='ltr'><strong>occisos,</strong></span> <span class='ocrx_word' id='word_1_307' title='bbox 1154 1958 1266 2008; x_wconf 91' lang='lat' dir='ltr'><strong>regni</strong></span> <span class='ocrx_word' id='word_1_308' title='bbox 1286 1970 1381 2008; x_wconf 92' lang='lat' dir='ltr'><strong>opes</strong></span> <span class='ocrx_word' id='word_1_309' title='bbox 1403 1970 1498 1996; x_wconf 91' lang='lat' dir='ltr'><strong>con-</strong></span> 
     </span>
     <span class='ocr_line' id='line_1_34' title="bbox 84 2014 1497 2066; baseline -0.002 -11"><span class='ocrx_word' id='word_1_310' title='bbox 84 2016 252 2056; x_wconf 77' lang='lat' dir='ltr'><strong>minutas</strong></span> <span class='ocrx_word' id='word_1_311' title='bbox 283 2027 387 2063; x_wconf 86' lang='lat' dir='ltr'><strong>esse;</strong></span> <span class='ocrx_word' id='word_1_312' title='bbox 411 2016 502 2054; x_wconf 90' lang='lat' dir='ltr'><strong>satis</strong></span> <span class='ocrx_word' id='word_1_313' title='bbox 530 2027 644 2066; x_wconf 90' lang='lat' dir='ltr'><strong>saepe</strong></span> <span class='ocrx_word' id='word_1_314' title='bbox 674 2017 748 2055; x_wconf 89' lang='lat' dir='ltr'><strong>iam</strong></span> <span class='ocrx_word' id='word_1_315' title='bbox 770 2023 806 2055; x_wconf 89' lang='lat' dir='ltr'><strong>et</strong></span> <span class='ocrx_word' id='word_1_316' title='bbox 834 2015 1012 2054; x_wconf 81' lang='lat' dir='ltr'><strong>virtutem</strong></span> <span class='ocrx_word' id='word_1_317' title='bbox 1042 2014 1206 2053; x_wconf 89' lang='lat' dir='ltr'><strong>militum</strong></span> <span class='ocrx_word' id='word_1_318' title='bbox 1237 2020 1274 2052; x_wconf 91' lang='lat' dir='ltr'><strong>et</strong></span> <span class='ocrx_word' id='word_1_319' title='bbox 1301 2014 1497 2053; x_wconf 88' lang='lat' dir='ltr'><strong>fortunam</strong></span> 
     </span>
     <span class='ocr_line' id='line_1_35' title="bbox 86 2069 1540 2124; baseline -0.002 -13"><span class='ocrx_word' id='word_1_320' title='bbox 86 2078 320 2124; x_wconf 86' lang='lat' dir='ltr'><strong>temptatam:</strong></span> <span class='ocrx_word' id='word_1_321' title='bbox 344 2078 472 2110; x_wconf 79' lang='lat' dir='ltr'><strong>caveat</strong></span> <span class='ocrx_word' id='word_1_322' title='bbox 492 2084 541 2110; x_wconf 92' lang='lat' dir='ltr'><strong>ne</strong></span> <span class='ocrx_word' id='word_1_323' title='bbox 561 2072 627 2110; x_wconf 91' lang='lat' dir='ltr'><strong>illo</strong></span> <span class='ocrx_word' id='word_1_324' title='bbox 651 2077 857 2111; x_wconf 87' lang='lat' dir='ltr'><strong>cunctante</strong></span> <span class='ocrx_word' id='word_1_325' title='bbox 877 2071 1063 2110; x_wconf 86' lang='lat' dir='ltr'><strong>Numidae</strong></span> <span class='ocrx_word' id='word_1_326' title='bbox 1084 2070 1156 2109; x_wconf 89' lang='lat' dir='ltr'><strong>sibi</strong></span> <span class='ocrx_word' id='word_1_327' title='bbox 1178 2070 1397 2109; x_wconf 90' lang='lat' dir='ltr'><strong>consulant.</strong></span> <span class='ocrx_word' id='word_1_328' title='bbox 1436 2069 1497 2109; x_wconf 89' lang='lat' dir='ltr'><strong>his</strong></span> <span class='ocrx_word' id='word_1_329' title='bbox 1522 2076 1540 2107; x_wconf 84' lang='lat'>2</span> 
     </span>
     <span class='ocr_line' id='line_1_36' title="bbox 86 2126 1541 2179; baseline -0.002 -12"><span class='ocrx_word' id='word_1_330' title='bbox 86 2133 200 2179; x_wconf 90' lang='lat' dir='ltr'><strong>atque</strong></span> <span class='ocrx_word' id='word_1_331' title='bbox 220 2127 360 2167; x_wconf 89' lang='lat' dir='ltr'><strong>talibus</strong></span> <span class='ocrx_word' id='word_1_332' title='bbox 381 2128 464 2166; x_wconf 91' lang='lat' dir='ltr'><strong>aliis</strong></span> <span class='ocrx_word' id='word_1_333' title='bbox 485 2128 532 2166; x_wconf 90' lang='lat' dir='ltr'><strong>ad</strong></span> <span class='ocrx_word' id='word_1_334' title='bbox 553 2128 786 2168; x_wconf 89' lang='lat' dir='ltr'><strong>deditionem</strong></span> <span class='ocrx_word' id='word_1_335' title='bbox 806 2128 910 2179; x_wconf 90' lang='lat' dir='ltr'><strong>regis</strong></span> <span class='ocrx_word' id='word_1_336' title='bbox 940 2128 1110 2166; x_wconf 88' lang='lat' dir='ltr'><strong>animum</strong></span> <span class='ocrx_word' id='word_1_337' title='bbox 1131 2126 1294 2178; x_wconf 87' lang='lat' dir='ltr'><strong>inpellit.</strong></span> <span class='ocrx_word' id='word_1_338' title='bbox 1334 2126 1498 2165; x_wconf 85' lang='lat' dir='ltr'><strong>mittun·</strong></span> <span class='ocrx_word' id='word_1_339' title='bbox 1522 2132 1541 2164; x_wconf 88' lang='lat'><strong>3</strong></span> 
     </span>
     <span class='ocr_line' id='line_1_37' title="bbox 87 2183 1499 2236; baseline -0.001 -13"><span class='ocrx_word' id='word_1_340' title='bbox 87 2192 151 2224; x_wconf 89' lang='lat' dir='ltr'><strong>tur</strong></span> <span class='ocrx_word' id='word_1_341' title='bbox 178 2185 225 2223; x_wconf 91' lang='lat' dir='ltr'><strong>ad</strong></span> <span class='ocrx_word' id='word_1_342' title='bbox 254 2185 525 2235; x_wconf 89' lang='lat' dir='ltr'><strong>imperatorem</strong></span> <span class='ocrx_word' id='word_1_343' title='bbox 552 2184 687 2235; x_wconf 88' lang='lat' dir='ltr'><strong>legati,</strong></span> <span class='ocrx_word' id='word_1_344' title='bbox 725 2186 789 2236; x_wconf 91' lang='lat' dir='ltr'><strong>qui</strong></span> <span class='ocrx_word' id='word_1_345' title='bbox 827 2184 1053 2235; x_wconf 89' lang='lat' dir='ltr'><strong>Iugurtham</strong></span> <span class='ocrx_word' id='word_1_346' title='bbox 1091 2183 1276 2234; x_wconf 89' lang='lat' dir='ltr'><strong>imperata</strong></span> <span class='ocrx_word' id='word_1_347' title='bbox 1304 2183 1499 2222; x_wconf 91' lang='lat' dir='ltr'><strong>facturum</strong></span> 
     </span>
     <span class='ocr_line' id='line_1_38' title="bbox 87 2239 1499 2291; baseline -0.002 -12"><span class='ocrx_word' id='word_1_348' title='bbox 87 2241 262 2280; x_wconf 87' lang='lat' dir='ltr'><strong>dicerent</strong></span> <span class='ocrx_word' id='word_1_349' title='bbox 290 2252 334 2278; x_wconf 85' lang='lat' dir='ltr'><strong>ac</strong></span> <span class='ocrx_word' id='word_1_350' title='bbox 355 2241 437 2279; x_wconf 91' lang='lat' dir='ltr'><strong>sine</strong></span> <span class='ocrx_word' id='word_1_351' title='bbox 458 2239 533 2279; x_wconf 90' lang='lat' dir='ltr'><strong>ulla</strong></span> <span class='ocrx_word' id='word_1_352' title='bbox 561 2240 741 2291; x_wconf 89' lang='lat' dir='ltr'><strong>pactione</strong></span> <span class='ocrx_word' id='word_1_353' title='bbox 761 2254 845 2280; x_wconf 89' lang='lat' dir='ltr'><strong>sese</strong></span> <span class='ocrx_word' id='word_1_354' title='bbox 867 2252 1110 2291; x_wconf 88' lang='lat' dir='ltr'><strong>regnumque</strong></span> <span class='ocrx_word' id='word_1_355' title='bbox 1132 2251 1246 2278; x_wconf 91' lang='lat' dir='ltr'><strong>suum</strong></span> <span class='ocrx_word' id='word_1_356' title='bbox 1267 2239 1307 2278; x_wconf 91' lang='lat' dir='ltr'><strong>in</strong></span> <span class='ocrx_word' id='word_1_357' title='bbox 1329 2239 1433 2277; x_wconf 92' lang='lat' dir='ltr'><strong>illius</strong></span> <span class='ocrx_word' id='word_1_358' title='bbox 1454 2239 1499 2276; x_wconf 87' lang='lat' dir='ltr'><strong>fi-</strong></span> 
     </span>
    </p>
   </div>
   <div class='ocr_carea' id='block_1_3' title="bbox 87 2360 1506 2629">
    <p class='ocr_par' dir='ltr' id='par_1_4' title="bbox 87 2360 1506 2629">
     <span class='ocr_line' id='line_1_39' title="bbox 177 2360 1499 2404; baseline -0.002 -10"><span class='ocrx_word' id='word_1_359' title='bbox 177 2364 195 2394; x_wconf 90' lang='grc'><strong>3</strong></span> <span class='ocrx_word' id='word_1_360' title='bbox 213 2362 281 2395; x_wconf 89' lang='lat' dir='ltr'><strong>illis</strong></span> <span class='ocrx_word' id='word_1_361' title='bbox 298 2372 316 2394; x_wconf 90' lang='lat' dir='ltr'><strong>a</strong></span> <span class='ocrx_word' id='word_1_362' title='bbox 334 2360 444 2394; x_wconf 81' lang='lat' dir='ltr'><strong>studio</strong></span> <span class='ocrx_word' id='word_1_363' title='bbox 463 2370 577 2393; x_wconf 88' lang='lat' dir='ltr'><strong>eorum</strong></span> <span class='ocrx_word' id='word_1_364' title='bbox 593 2362 629 2402; x_wconf 83' lang='lat' dir='ltr'><strong>P,</strong></span> <span class='ocrx_word' id='word_1_365' title='bbox 649 2372 777 2403; x_wconf 73' lang='lat' dir='ltr'><strong>eor1·.p</strong></span> <span class='ocrx_word' id='word_1_366' title='bbox 795 2361 806 2404; x_wconf 86' lang='grc' dir='ltr'><strong>ΙΙ</strong></span> <span class='ocrx_word' id='word_1_367' title='bbox 826 2363 845 2394; x_wconf 87' lang='grc'>9</span> <span class='ocrx_word' id='word_1_368' title='bbox 864 2361 986 2394; x_wconf 86' lang='lat' dir='ltr'><strong>abeunt</strong></span> <span class='ocrx_word' id='word_1_369' title='bbox 1005 2363 1040 2393; x_wconf 80' lang='lat' dir='ltr'><strong>in</strong></span> <span class='ocrx_word' id='word_1_370' title='bbox 1058 2371 1169 2402; x_wconf 74' lang='lat' dir='ltr'><strong>mat-g.</strong></span> <span class='ocrx_word' id='word_1_371' title='bbox 1186 2372 1208 2404; x_wconf 87' lang='lat' dir='ltr'><strong>p</strong></span> <span class='ocrx_word' id='word_1_372' title='bbox 1227 2361 1300 2401; x_wconf 77' lang='lat' dir='ltr'><strong>(sed</strong></span> <span class='ocrx_word' id='word_1_373' title='bbox 1315 2371 1333 2393; x_wconf 90' lang='lat' dir='ltr'><strong>a</strong></span> <span class='ocrx_word' id='word_1_374' title='bbox 1351 2362 1499 2392; x_wconf 76' lang='lat' dir='ltr'><strong>abscisso</strong></span> 
     </span>
     <span class='ocr_line' id='line_1_40' title="bbox 87 2405 1501 2449; baseline -0.001 -10"><span class='ocrx_word' id='word_1_375' title='bbox 87 2417 198 2448; x_wconf 81' lang='lat' dir='ltr'><strong>marg.</strong></span> <span class='ocrx_word' id='word_1_376' title='bbox 214 2409 346 2449; x_wconf 77' lang='lat' dir='ltr'><strong>periit),</strong></span> <span class='ocrx_word' id='word_1_377' title='bbox 365 2411 442 2439; x_wconf 82' lang='lat' dir='ltr'><strong>eunt</strong></span> <span class='ocrx_word' id='word_1_378' title='bbox 461 2407 490 2438; x_wconf 84' lang='lat' dir='ltr'><em>P</em></span> <span class='ocrx_word' id='word_1_379' title='bbox 505 2405 516 2448; x_wconf 75' lang='grc' dir='ltr'><strong>Η</strong></span> <span class='ocrx_word' id='word_1_380' title='bbox 538 2407 574 2438; x_wconf 83' lang='grc'><strong>12</strong></span> <span class='ocrx_word' id='word_1_381' title='bbox 592 2406 656 2439; x_wconf 89' lang='grc'><strong>11151</strong></span> <span class='ocrx_word' id='word_1_382' title='bbox 674 2407 708 2448; x_wconf 82' lang='lat' dir='ltr'><strong>C,</strong></span> <span class='ocrx_word' id='word_1_383' title='bbox 726 2407 786 2439; x_wconf 87' lang='lat' dir='ltr'><strong>niti</strong></span> <span class='ocrx_word' id='word_1_384' title='bbox 800 2406 863 2447; x_wconf 89' lang='lat' dir='ltr'><strong>PC,</strong></span> <span class='ocrx_word' id='word_1_385' title='bbox 880 2406 941 2438; x_wconf 89' lang='lat' dir='ltr'><strong>niti</strong></span> <span class='ocrx_word' id='word_1_386' title='bbox 958 2406 1022 2438; x_wconf 90' lang='lat' dir='ltr'><strong>nisi</strong></span> <span class='ocrx_word' id='word_1_387' title='bbox 1041 2405 1091 2449; x_wconf 72' lang='lat' dir='ltr'><strong>CH</strong></span> <span class='ocrx_word' id='word_1_388' title='bbox 1115 2407 1155 2439; x_wconf 79' lang='lat'><strong>14</strong></span> <span class='ocrx_word' id='word_1_389' title='bbox 1171 2406 1212 2439; x_wconf 82' lang='lat' dir='ltr'><strong>ad</strong></span> <span class='ocrx_word' id='word_1_390' title='bbox 1231 2406 1265 2446; x_wconf 85' lang='lat' dir='ltr'><strong>C,</strong></span> <span class='ocrx_word' id='word_1_391' title='bbox 1279 2417 1302 2448; x_wconf 84' lang='lat' dir='ltr'><strong>p</strong></span> <span class='ocrx_word' id='word_1_392' title='bbox 1322 2407 1359 2437; x_wconf 83' lang='lat' dir='ltr'><strong>in</strong></span> <span class='ocrx_word' id='word_1_393' title='bbox 1376 2415 1488 2446; x_wconf 76' lang='lat' dir='ltr'><strong>marg.</strong></span> <span class='ocrx_word' id='word_1_394' title='bbox 1483 2430 1501 2446; x_wconf 85' lang='lat'><strong>.,</strong></span> 
     </span>
     <span class='ocr_line' id='line_1_41' title="bbox 87 2431 1502 2495; baseline -0.001 -11"><span class='ocrx_word' id='word_1_395' title='bbox 87 2452 230 2494; x_wconf 52' lang='lat' dir='ltr'><strong>Aruap</strong></span> <span class='ocrx_word' id='word_1_396' title='bbox 234 2451 325 2485; x_wconf 79' lang='grc'><em>,224</em></span> <span class='ocrx_word' id='word_1_397' title='bbox 342 2454 410 2493; x_wconf 76' lang='lat' dir='ltr'><strong>etp</strong></span> <span class='ocrx_word' id='word_1_398' title='bbox 439 2450 515 2491; x_wconf 79' lang='grc'><em>240,</em></span> <span class='ocrx_word' id='word_1_399' title='bbox 540 2450 581 2483; x_wconf 88' lang='lat' dir='ltr'><strong>ab</strong></span> <span class='ocrx_word' id='word_1_400' title='bbox 598 2451 654 2484; x_wconf 87' lang='lat' dir='ltr'><strong>PC</strong></span> <span class='ocrx_word' id='word_1_401' title='bbox 668 2450 680 2495; x_wconf 79' lang='grc'><strong>11</strong></span> <span class='ocrx_word' id='word_1_402' title='bbox 701 2432 739 2484; x_wconf 86' lang='grc'><strong>15</strong></span> <span class='ocrx_word' id='word_1_403' title='bbox 756 2433 922 2494; x_wconf 81' lang='lat' dir='ltr'><strong>praesidia</strong></span> <span class='ocrx_word' id='word_1_404' title='bbox 938 2451 1079 2494; x_wconf 89' lang='lat' dir='ltr'><strong>imponit</strong></span> <span class='ocrx_word' id='word_1_405' title='bbox 1098 2462 1143 2483; x_wconf 73' lang='lat' dir='ltr'><strong>ea:</strong></span> <span class='ocrx_word' id='word_1_406' title='bbox 1159 2431 1322 2493; x_wconf 80' lang='lat' dir='ltr'><strong>praesidje</strong></span> <span class='ocrx_word' id='word_1_407' title='bbox 1335 2451 1502 2492; x_wconf 87' lang='lat' dir='ltr'><strong>inponunt</strong></span> 
     </span>
     <span class='ocr_line' id='line_1_42' title="bbox 90 2463 1504 2540; baseline -0.001 -12"><span class='ocrx_word' id='word_1_408' title='bbox 90 2495 141 2539; x_wconf 89' lang='grc' dir='ltr'><strong>ΡΙΙ</strong></span> <span class='ocrx_word' id='word_1_409' title='bbox 163 2463 230 2530; x_wconf 70' lang='grc' dir='ltr'><strong>16Ρ</strong></span> <span class='ocrx_word' id='word_1_410' title='bbox 220 2506 285 2540; x_wconf 86' lang='lat' dir='ltr'><strong>qua</strong></span> <span class='ocrx_word' id='word_1_411' title='bbox 302 2496 491 2528; x_wconf 79' lang='lat' dir='ltr'><strong>Mommsen</strong></span> <span class='ocrx_word' id='word_1_412' title='bbox 506 2475 622 2527; x_wconf 72' lang='lat' dir='ltr'><strong>&#39;Her-m.</strong></span> <span class='ocrx_word' id='word_1_413' title='bbox 641 2497 671 2537; x_wconf 90' lang='lat'><strong>1,</strong></span> <span class='ocrx_word' id='word_1_414' title='bbox 683 2496 749 2529; x_wconf 79' lang='grc'><em>428</em></span> <span class='ocrx_word' id='word_1_415' title='bbox 764 2497 775 2539; x_wconf 74' lang='grc' dir='ltr'><strong>Η</strong></span> <span class='ocrx_word' id='word_1_416' title='bbox 794 2495 961 2529; x_wconf 85' lang='lat' dir='ltr'><strong>hiemandi</strong></span> <span class='ocrx_word' id='word_1_417' title='bbox 979 2507 1024 2528; x_wconf 62' lang='lat' dir='ltr'><strong>ezr</strong></span> <span class='ocrx_word' id='word_1_418' title='bbox 1040 2496 1174 2528; x_wconf 89' lang='lat' dir='ltr'><strong>hiemali</strong></span> <span class='ocrx_word' id='word_1_419' title='bbox 1188 2495 1240 2538; x_wconf 67' lang='lat' dir='ltr'><strong>Pl}</strong></span> <span class='ocrx_word' id='word_1_420' title='bbox 1260 2497 1302 2528; x_wconf 87' lang='grc'><em>20</em></span> <span class='ocrx_word' id='word_1_421' title='bbox 1320 2495 1405 2527; x_wconf 89' lang='lat' dir='ltr'><strong>clam</strong></span> <span class='ocrx_word' id='word_1_422' title='bbox 1422 2497 1504 2537; x_wconf 77' lang='lat' dir='ltr'><strong>post</strong></span> 
     </span>
     <span class='ocr_line' id='line_1_43' title="bbox 90 2539 1506 2591; baseline -0.001 -17"><span class='ocrx_word' id='word_1_423' title='bbox 90 2540 176 2574; x_wconf 83' lang='lat' dir='ltr'><strong>datis</strong></span> <span class='ocrx_word' id='word_1_424' title='bbox 195 2541 222 2574; x_wconf 88' lang='lat' dir='ltr'><em>C</em></span> <span class='ocrx_word' id='word_1_425' title='bbox 240 2543 403 2573; x_wconf 75' lang='lat' dir='ltr'><strong>inserunt</strong></span> <span class='ocrx_word' id='word_1_426' title='bbox 426 2542 520 2591; x_wconf 68' lang='lat' dir='ltr'><strong>(post</strong></span> <span class='ocrx_word' id='word_1_427' title='bbox 542 2550 622 2573; x_wconf 88' lang='lat' dir='ltr'><strong>nece</strong></span> <span class='ocrx_word' id='word_1_428' title='bbox 647 2541 701 2573; x_wconf 84' lang='lat' dir='ltr'><strong>vel</strong></span> <span class='ocrx_word' id='word_1_429' title='bbox 719 2544 799 2583; x_wconf 78' lang='lat' dir='ltr'><strong>post</strong></span> <span class='ocrx_word' id='word_1_430' title='bbox 818 2541 894 2574; x_wconf 87' lang='lat' dir='ltr'><strong>inde</strong></span> <span class='ocrx_word' id='word_1_431' title='bbox 912 2540 1076 2583; x_wconf 77' lang='lat' dir='ltr'><strong>singuli),</strong></span> <span class='ocrx_word' id='word_1_432' title='bbox 1100 2551 1164 2574; x_wconf 80' lang='lat' dir='ltr'><strong>om</strong></span> <span class='ocrx_word' id='word_1_433' title='bbox 1189 2541 1219 2572; x_wconf 89' lang='grc' dir='ltr'><em>Ρ</em></span> <span class='ocrx_word' id='word_1_434' title='bbox 1233 2540 1244 2583; x_wconf 79' lang='grc' dir='ltr'><strong>ΙΙ</strong></span> <span class='ocrx_word' id='word_1_435' title='bbox 1261 2541 1301 2572; x_wconf 80' lang='lat'><strong>21</strong></span> <span class='ocrx_word' id='word_1_436' title='bbox 1328 2539 1368 2572; x_wconf 85' lang='lat' dir='ltr'><strong>de</strong></span> <span class='ocrx_word' id='word_1_437' title='bbox 1394 2550 1458 2572; x_wconf 90' lang='lat' dir='ltr'><strong>om</strong></span> <span class='ocrx_word' id='word_1_438' title='bbox 1478 2539 1506 2572; x_wconf 83' lang='lat' dir='ltr'><strong><em>G</em></strong></span> 
     </span>
     <span class='ocr_line' id='line_1_44' title="bbox 91 2584 1382 2629; baseline -0.001 -11"><span class='ocrx_word' id='word_1_439' title='bbox 91 2585 306 2629; x_wconf 57' lang='lat' dir='ltr'><strong>deteriore-vl]</strong></span> <span class='ocrx_word' id='word_1_440' title='bbox 326 2587 366 2619; x_wconf 83' lang='lat'><strong>27</strong></span> <span class='ocrx_word' id='word_1_441' title='bbox 394 2596 434 2618; x_wconf 86' lang='lat' dir='ltr'><strong>ne</strong></span> <span class='ocrx_word' id='word_1_442' title='bbox 461 2585 487 2618; x_wconf 88' lang='lat' dir='ltr'><strong>si</strong></span> <span class='ocrx_word' id='word_1_443' title='bbox 515 2585 548 2625; x_wconf 88' lang='lat' dir='ltr'><strong>C,</strong></span> <span class='ocrx_word' id='word_1_444' title='bbox 574 2585 635 2618; x_wconf 85' lang='lat' dir='ltr'><strong>nisi</strong></span> <span class='ocrx_word' id='word_1_445' title='bbox 661 2585 724 2627; x_wconf 89' lang='lat' dir='ltr'><strong>PC,</strong></span> <span class='ocrx_word' id='word_1_446' title='bbox 749 2586 776 2618; x_wconf 90' lang='lat' dir='ltr'><strong>si</strong></span> <span class='ocrx_word' id='word_1_447' title='bbox 803 2585 856 2627; x_wconf 88' lang='lat' dir='ltr'><strong>C¹¹</strong></span> <span class='ocrx_word' id='word_1_448' title='bbox 873 2588 912 2620; x_wconf 84' lang='lat'><strong>31</strong></span> <span class='ocrx_word' id='word_1_449' title='bbox 939 2585 1077 2618; x_wconf 82' lang='lat' dir='ltr'><strong>meritae</strong></span> <span class='ocrx_word' id='word_1_450' title='bbox 1101 2585 1163 2626; x_wconf 86' lang='lat' dir='ltr'><strong>PC,</strong></span> <span class='ocrx_word' id='word_1_451' title='bbox 1188 2584 1328 2617; x_wconf 86' lang='lat' dir='ltr'><strong>merenti</strong></span> <span class='ocrx_word' id='word_1_452' title='bbox 1355 2584 1382 2617; x_wconf 90' lang='lat' dir='ltr'><em>C</em></span> 
     </span>
    </p>
   </div>
  </div>
 </body>
</html>
