1709 2885
191 93 242 132 16
695 97 729 130 C.
748 96 953 131 SALLUSTI
977 96 1113 132 CRlSPl

186 201 314 239 facere
336 205 373 239 et
403 205 571 239 extrema
592 199 723 239 omnia
743 200 931 252 experiri,
963 201 1145 252 quoniam
1169 213 1268 253 quae
1298 203 1449 243 occulte
1478 209 1606 256 temp-

114 259 163 295 27
188 262 330 296 taverat
350 268 487 307 aspera
518 255 707 307 foedaque
729 262 949 296 evenerant.
998 257 1116 308 igitur
1139 258 1178 297 C.
1211 258 1393 298 Manlium
1423 259 1605 299 Faesulas

186 321 303 363 atque
332 312 373 351 111
404 325 487 352 eam
509 318 656 363 partem
678 312 878 359 Etruriae,
910 313 1141 365 Septimium
1173 315 1367 366 quendam
1389 315 1603 356 Camertem

188 369 227 407 in
244 380 378 419 agrum
392 367 596 418 Picenum,
615 367 654 407 C.
674 369 814 408 Iulium
836 369 875 409 in
893 369 1070 421 Apuliam
1087 371 1251 419 dimisit3
1273 377 1472 423 praeterea
1486 372 1603 412 alium

142 431 162 463 2
186 425 274 469 alio,
296 437 414 477 quem
429 425 576 476 ubique
591 431 860 476 opportunum
881 425 952 465 sibi
969 426 1052 466 sore
1076 427 1268 467 credebat.
1299 428 1444 468 interea
1462 428 1604 468 Romae

185 481 305 520 multa
327 481 442 520 simul
462 481 605 529 moliri,
627 481 855 521 consulibus
876 483 1034 522 insidias
1056 483 1228 532 tendere,
1251 496 1388 535 parare
1409 484 1602 531 incendia,

185 543 411 600 opportuna
430 537 515 576 loca
535 538 691 577 armatis
713 538 936 578 bominibus
957 539 1154 588 obsidere,
1187 540 1271 591 ipse
1293 553 1381 580 cum
1402 541 1478 580 telo
1502 553 1600 588 esse,

185 594 277 633 item
294 594 391 633 alios
405 594 552 641 iubere,
575 595 719 633 hortari
739 595 795 634 uti
811 608 964 647 semper
980 596 1118 635 intenti
1135 596 1337 659 paratique
1353 603 1495 643 essent,
1518 598 1601 636 dies

184 650 390 701 noctisque
410 650 595 690 festinare
616 651 793 702 vigilare,
825 665 952 703 neque
973 652 1178 692 insomniis
1201 666 1327 704 neque
1348 653 1478 692 labore
1513 653 1600 692 sati-

139 712 160 745 3
184 706 277 757 gari.
337 712 537 758 postremo
569 707 634 746 ubi
665 706 784 747 multa
813 709 969 759 agitanti
1002 709 1098 747 nihil
1129 709 1323 761 procedit,
1370 721 1508 749 rursus
1538 709 1599 748 in-

182 769 372 814 tempesta
412 770 527 802 nocte
558 740 857 803 coniurationis!³
870 765 1068 816 principes
1108 772 1292 805 convocat
1320 778 1391 817 per
1420 765 1471 804 M.
1502 764 1600 804 Por-

138 826 158 857 4
183 819 285 858 cium
306 818 492 868 Laecam,
523 820 656 871 ibique
677 820 795 860 multa
817 820 864 860 (le
886 821 1032 871 ignavia
1054 834 1189 861 eorum
1213 828 1393 873 questus,
1425 821 1538 861 docet
1557 833 1598 861 se

180 875 367 914 Manlium
397 876 645 928 praemisisse
665 877 709 916 ad
742 889 824 916 eam
846 877 1153 926 multitudinem,
1186 891 1300 929 quam
1331 879 1376 917 ad
1407 877 1599 929 capiunda

180 944 285 971 arma
300 939 509 984 paraverat,
532 933 624 972 item
636 933 730 972 alios
747 933 787 972 in
803 933 874 973 alia
896 934 979 973 loca
996 940 1231 986 opportuna,
1253 935 1320 986 qui
1338 934 1489 973 initium
1507 933 1597 973 belli

180 989 367 1037 facerent,
384 1001 505 1040 seque
521 989 567 1029 ad
585 990 796 1029 exercitum
812 990 1005 1042 proticisci
1025 1003 1182 1042 cupere,
1199 991 1231 1029 si
1246 992 1356 1042 prius
1369 990 1596 1029 Ciceronem

107 1047 157 1084 28
182 1046 444 1096 oppressisset
453 1057 464 1093 ;
496 1058 585 1085 eum
606 1046 687 1085 suis
710 1047 883 1086 consiliis
912 1045 1074 1086 multum
1095 1048 1264 1086 officere.
1306 1048 1425 1098 igitur
1446 1052 1597 1098 perter-

179 1102 264 1141 ritis
295 1114 340 1141 ac
369 1101 637 1141 dubitantibus
667 1104 807 1142 ceteris
830 1103 868 1142 C.
893 1103 1097 1143 Cornelius
1128 1116 1248 1154 eques
1272 1103 1470 1142 Romanus
1502 1115 1596 1154 ope-

178 1170 261 1197 ram
291 1170 400 1197 suam
431 1158 630 1209 pollicitus
661 1166 698 1198 et
728 1171 815 1198 cum
838 1172 883 1199 eo
912 1159 952 1198 L.
974 1159 1234 1210 Vargunteius
1263 1165 1420 1198 senator
1450 1159 1596 1198 consti-

177 1221 290 1253 tuere
303 1227 346 1253 ea
369 1221 484 1254 noete
502 1215 617 1266 paulo
634 1222 723 1267 post
737 1228 825 1255 cum
840 1215 997 1254 armatis
1012 1215 1239 1254 bominibus
1259 1216 1371 1255 sicuti
1390 1215 1595 1254 salutatum

176 1271 342 1310 introire
363 1271 408 1309 ad
424 1270 650 1310 Ciceronem
672 1285 716 1311 ac
738 1273 784 1310 de
805 1272 1003 1323 inproviso
1027 1271 1129 1310 domi
1151 1284 1242 1310 suae
1263 1271 1483 1322 inparatum
1499 1283 1595 1310 con·

133 1333 154 1366 2
177 1327 325 1366 fodere.
358 1325 498 1366 Curius
520 1327 586 1366 ubi
603 1328 807 1378 intellegit,
830 1334 1017 1379 quantum
1039 1328 1258 1379 periculum
1280 1327 1431 1367 consuli
1454 1327 1595 1379 inpen-

176 1383 263 1422 deat
278 1395 447 1435 propere
465 1396 536 1435 per
551 1383 723 1423 Fulviam
742 1384 920 1424 Ciceroni
938 1384 1068 1423 dolum
1091 1384 1157 1436 qui
1180 1385 1388 1436 parabatur
1404 1383 1593 1424 enuntiat.

133 1446 153 1478 3
177 1439 228 1479 ita
253 1440 307 1478 illi
329 1440 444 1479 ianua
465 1441 651 1491 prohibiti
674 1447 822 1480 tantum
844 1441 994 1480 facinus
1014 1442 1156 1480 frustra
1179 1446 1443 1493 susceperant.

133 1502 153 1534 4
290 1496 440 1535 Interea
456 1496 623 1536 Manlius
644 1497 684 1535 in
702 1497 857 1536 Etruria
878 1496 1030 1548 plebem
1047 1497 1269 1545 sollicitare,
1293 1502 1461 1547 egestate
1479 1496 1594 1536 simul

175 1564 220 1591 ac
241 1552 375 1591 dolore
396 1552 562 1592 iniuriae
592 1565 779 1592 novarum
800 1565 931 1592 rerum
953 1554 1153 1604 cupidam,
1186 1553 1289 1604 quod
1311 1553 1441 1592 Sullae
1469 1553 1593 1592 domi-

173 1608 331 1648 natione
353 1621 467 1660 agros
483 1608 664 1660 bonaque
686 1609 815 1648 omnia
835 1609 1026 1658 amiserat,
1049 1615 1247 1661 praeterea
1268 1609 1439 1648 latrones
1460 1610 1593 1648 cuius-

174 1677 250 1715 que
272 1666 441 1715 generis,
463 1678 633 1715 quorum
654 1666 694 1704 in
716 1678 758 1704 ea
781 1666 941 1715 regione
957 1678 1095 1716 magna
1117 1666 1227 1718 copia
1244 1672 1338 1715 erat,
1361 1678 1439 1704 non
1463 1665 1592 1704 nullos

140 1719 143 1721 ’
174 1733 219 1760 ex
241 1721 412 1760 Sullanis
429 1722 607 1769 coloniis,
629 1722 772 1773 quibus
794 1722 927 1760 lubido
949 1731 1064 1773 atque
1086 1723 1236 1762 luxuria
1258 1735 1302 1761 ex
1319 1722 1470 1773 magnis
1486 1723 1592 1772 rapi-

98 1778 151 1817 29
177 1779 236 1817 1115
258 1777 354 1816 1111111
376 1778 517 1828 reliqui
538 1779 693 1817 fecerat.
737 1791 777 1817 ea
800 1790 889 1817 cum
911 1779 1088 1818 Ciceroni
1111 1779 1401 1826 nuntiarentur,
1431 1778 1590 1829 ancipiti

174 1834 273 1873 malo
296 1841 520 1886 permotus,
552 1834 657 1886 quod
680 1847 809 1886 neque
838 1834 973 1874 urbem
996 1834 1042 1874 ab
1073 1835 1225 1875 insidiis
1246 1835 1393 1887 privato
1424 1834 1589 1874 consilio

170 1891 329 1941 longius
360 1891 461 1930 tueri
493 1897 665 1942 poterat,
697 1903 826 1942 neque
856 1891 1048 1930 exercitus
1078 1891 1195 1931 Manli
1226 1897 1396 1942 quantus
1425 1896 1491 1930 aut
1511 1903 1589 1942 quo

172 1947 336 1987 consilio
358 1948 458 1986 foret
488 1947 581 1986 satis
603 1955 835 1998 conpertum
860 1946 1047 1996 habebat,
1079 1960 1160 1987 rem
1181 1947 1227 1987 ad
1249 1953 1426 1987 senatum
1457 1947 1589 1994 refert,

127 2010 148 2044 2
171 2004 245 2043 iam
268 2009 380 2042 antea
400 2003 502 2054 volgi
531 2003 755 2043 rumoribus
783 2004 1022 2055 exagitatam.
1073 2004 1203 2055 itaque
1225 2004 1329 2055 quod
1357 2003 1589 2055 plerumque

172 2061 212 2099 in
233 2060 354 2099 atroci
377 2059 534 2110 negotio
555 2060 677 2107 solet,
709 2066 866 2099 senatus
888 2061 1076 2108 decrevit,
1107 2060 1244 2100 darent
1264 2071 1421 2111 operam
1443 2071 1588 2099 consu-

127 2123 148 2156 3
170 2117 226 2156 les
249 2116 392 2167 nequid
414 2129 477 2155 res
499 2116 654 2167 publica
675 2116 895 2156 detrimenti
919 2120 1086 2168 caperet.
1128 2130 1171 2156 ea
1191 2121 1362 2168 potestas
1382 2127 1453 2167 per
1473 2128 1586 2155 sena-

169 2179 250 2212 tum
282 2184 390 2211 more
411 2172 586 2212 Romano
617 2173 855 2224 magistratui
886 2185 1063 2212 maxuma
1085 2172 1342 2224 permittitur,
1374 2171 1586 2211 exercitum

259 2309 278 2340 6
305 2306 403 2339 simul
430 2306 463 2348 C,
488 2306 552 2339 sibi
576 2308 613 2343 P,
645 2306 833 2339 simultates
860 2306 887 2338 C
907 2306 1117 2338 όοῐυιἰοι·ιε.·
1146 2316 1210 2339 om.
1235 2317 1254 2337 z
1273 2303 1497 2348 ”consulibus
1522 2304 1586 2345 PC,

168 2351 298 2385 consuli
325 2352 360 2388 C,
384 2351 448 2384 del.
473 2351 615 2383 Dietsclz
634 2351 682 2394 {18
707 2351 881 2394 paratique
906 2351 969 2390 PC,
995 2362 1059 2394 quc
1085 2362 1150 2384 om.
1179 2349 1229 2394 ΟΙΙ
1254 2352 1289 2383 11
1315 2350 1416 2404 per]
1415 2350 1458 2388 cs?
1485 2360 1511 2382 e.
1531 2350 1586 2390 44,

169 2399 236 2430 let
247 2395 400 2436 Aelafr.
414 2407 487 2429 ανυ.
503 2407 534 2429 α.
548 2396 613 2429 224
640 2396 961 2438 (e.43,2.13‡1.ar
974 2407 1009 2439 p
1030 2396 1207 2429 cowlls.
1225 2395 1339 2433 He).
1356 2422 1384 2427 ..
1404 2397 1440 2426 in
1459 2395 1559 2427 luco.

168 2445 409 2474 convenerunt
428 2453 493 2484 per·
518 2441 551 2474 C.
577 2443 742 2474 Porcium
765 2442 922 2474 Priscum
945 2439 1171 2483 magi’strum
1184 2454 1191 2474 :
1228 2450 1331 2482 penes
1355 2439 1548 2472 Palma-ius
1572 2437 1587 2482 11

167 2487 274 2520 leram
289 2487 341 2529 Pu
361 2489 403 2520 20
420 2487 593 2529 inprouisu
609 2488 644 2527 P,
657 2487 830 2529 inprouiso
845 2497 868 2529 p
887 2485 899 2528 ΙΙ
916 2486 1025 2518 domi*
1042 2488 1127 2527 (luit
1142 2486 1255 2522 domu)
1269 2486 1299 2517 Ρ
1313 2485 1324 2526 ll
1342 2486 1379 2518 21
1399 2484 1582 2527 periculum

166 2532 231 2572 PC,
256 2532 392 2574 periculi
413 2532 440 2565 C
463 2533 530 2573 1127
551 2532 731 2565 nonnullos
756 2531 909 2565 exinanis
930 2542 966 2574 p,
991 2531 1169 2564 nonnullas
1185 2530 1276 2570 (vel-
1290 2530 1330 2569 15)
1349 2527 1583 2574 exulanasPss

167 2578 211 2610 29
229 2577 377 2610 fecerant
390 2589 414 2620 p
431 2580 442 2621 11
463 2579 501 2610 31
520 2577 644 2609 mansii
664 2579 692 2609 P
705 2577 717 2620 11
734 2582 880 2620 quantus
897 2587 934 2619 p,
952 2581 1077 2620 quanto
1091 2577 1121 2609 P
1134 2576 1146 2619 Η
1164 2577 1204 2610 33
1222 2575 1428 2617 exagitatum
1443 2575 1582 2609 Cor-tius

1631 717 1709 766 ιοἸ

1629 998 1709 1030 15’

1623 1279 1665 1312 20

1619 1831 1683 1874 3ο’

1615 2123 1709 2181 35ι
