1709 2885
49 717 87 749 10

0 986 83 1051 }15

41 1278 84 1310 20

43 1557 84 1589 25

43 1838 85 1870 30

564 104 618 137 DE
642 104 777 138 BELLO
801 103 1064 138 IUGURTHINO
1477 101 1525 142 81

114 206 279 258 arreptis
299 207 416 246 armis
435 206 645 245 tumultum
666 206 814 253 facere,
838 206 889 245 ita
910 205 1116 245 formidine
1139 206 1248 256 quasi
1268 206 1443 245 vecordia
1466 219 1531 246 ex-

114 262 261 313 agitari.

228 318 351 369 Igitur
372 317 562 366 Metellus,
587 317 652 356 ubi
675 318 720 356 de
743 329 834 357 casu
855 317 1080 356 Bomilcaris
1102 322 1139 355 et
1169 317 1311 356 indicio
1342 318 1529 368 patefacto
1555 321 1600 357 73

117 387 161 414 ex
182 374 356 426 perfugis
378 375 572 425 cognovit,
591 386 727 412 rursus
748 380 941 425 tamquam
958 372 1005 412 ad
1021 373 1215 423 integrum
1230 373 1373 412 bellum
1392 381 1528 412 cuncta

115 438 223 482 parat
244 431 489 481 festinatque.
541 430 703 469 Marium
739 430 958 480 fatigantem
988 428 1034 468 de
1063 429 1325 480 profectione,
1357 430 1470 468 simul
1493 436 1529 468 et
1553 437 1571 469 2

115 486 278 525 invitum
301 492 338 525 et
363 487 555 525 offensum
577 486 646 525 sihi
670 497 806 537 parum
828 486 1009 524 idoneum
1030 492 1136 524 ratus
1151 517 1159 532 ,
1183 486 1338 524 domum
1361 486 1529 525 dimittit.

116 549 153 581 et
171 542 315 581 Romae
336 542 470 593 plebes
491 542 649 588 litteris,
673 554 770 593 quae
793 542 837 580 de
868 541 1020 580 Metello
1041 553 1085 580 ac
1106 541 1226 580 Mario
1247 542 1386 580 missae
1408 548 1529 589 erant,
1554 550 1572 581 3

115 598 280 648 cognitis
301 598 444 637 volenti
465 599 593 637 auimo
614 598 661 636 de
683 597 868 637 ambobus
894 604 1133 649 acceperant.
1175 598 1397 649 imperatori
1419 597 1529 637 nobi·
1553 606 1572 637 4

114 654 212 699 litas.
235 667 332 706 quae
353 660 464 693 antea
479 654 610 693 decori
627 654 712 701 fuit,
729 653 894 692 invidiae
912 666 1008 702 esse,
1031 659 1067 692 at
1082 653 1137 692 illi
1158 654 1268 693 alteri
1286 654 1440 705 generis
1456 655 1529 692 hu-

118 710 258 749 militas
279 711 447 749 favorem
469 710 675 749 addiderat.
718 716 888 748 ceterum
902 710 941 748 in
964 717 1131 760 utroque
1151 710 1273 760 magis
1296 710 1419 750 studia
1441 723 1528 761 par-

117 766 213 805 tium
236 779 350 817 quam
373 766 472 804 bona
493 772 558 805 aut
578 765 675 804 mala
696 777 764 804 sua
786 766 993 804 moderata.
1034 773 1233 817 praeterea
1254 765 1426 805 seditiosi
1450 779 1530 805 ma·
1551 775 1570 806 5

115 823 297 873 gistratus
317 823 471 873 volgum
488 822 692 873 exagitare,
709 821 905 860 Metellum
927 822 1108 860 omnibus
1129 822 1377 861 contionibus
1394 822 1530 874 capitis

112 890 330 926 arcessere,
351 879 446 917 Mari
466 878 647 917 virtutem
669 878 709 916 in
737 878 862 916 maius
883 878 1091 916 celebrare.
1132 879 1300 929 denique
1320 878 1454 930 plebes
1476 878 1529 917 sic
1554 886 1573 918 6

113 946 289 982 accensa,
318 934 374 973 uti
397 935 555 986 opifices
577 940 825 985 agrestesque
847 946 1002 981 omnes,
1026 946 1191 985 quorum
1215 947 1277 974 res
1297 935 1470 986 fidesque
1492 935 1530 973 in

113 990 291 1029 manibus
321 991 414 1029 sitae
444 996 572 1039 erant,
595 990 738 1029 relictis
768 990 951 1042 operibus
988 990 1283 1041 frequentarent
1311 990 1473 1030 Marium
1497 997 1531 1029 et

113 1059 182 1086 sua
203 1044 417 1086 necessaria
438 1053 528 1098 post
556 1047 658 1085 illius
687 1047 877 1085 honorem
902 1046 1103 1085 ducerent,
1147 1047 1197 1085 ita
1220 1047 1397 1098 perculsa
1421 1047 1531 1086 nobi·
1555 1057 1572 1087 Τ

112 1102 218 1142 litate
243 1107 332 1154 post
352 1103 490 1142 multas
511 1108 759 1153 tempestates
781 1115 880 1141 novo
900 1103 1050 1141 homini
1072 1103 1297 1142 consulatus
1318 1104 1532 1142 mandatur.

114 1165 151 1198 et
171 1164 305 1210 postea
335 1159 508 1210 populus
539 1172 557 1198 a
578 1159 735 1198 tribuno
769 1158 893 1210 plebis
925 1158 968 1196 T.
991 1158 1133 1197 Manlio
1164 1159 1344 1198 Mancino
1375 1165 1531 1210 rogatus

115 1227 230 1266 quem
252 1215 364 1254 vellet
384 1228 473 1255 cum
493 1215 678 1266 Iugurtha
695 1215 838 1254 bellum
859 1226 1005 1265 gerere.
1021 1215 1208 1265 frequens
1223 1216 1387 1254 Marium
1403 1216 1530 1255 iussit.

113 1271 180 1310 sed
200 1271 316 1322 paulo
342 1302 516 1310 ......
540 1272 779 1311 decreverat:
802 1284 845 1310 ea
866 1283 928 1310 res
949 1272 1091 1310 frustra
1111 1272 1196 1310 fuit.

225 1327 370 1366 Eodem
392 1333 568 1378 tempore
585 1328 771 1378 Iugurtha
792 1327 942 1366 amissis
963 1328 1118 1374 amicis,
1136 1340 1302 1378 quorum
1324 1328 1533 1380 plerosque
1559 1334 1605 1369 74

113 1383 197 1435 ipse
219 1390 442 1431 necaverat,
474 1384 592 1422 ceteri
612 1384 818 1422 formidine
848 1395 938 1434 pars
959 1384 1005 1422 ad
1034 1383 1230 1423 Romanos
1251 1384 1312 1422 alii
1335 1385 1379 1423 ad
1403 1396 1532 1434 regem

112 1438 310 1478 Bocchum
340 1440 614 1491 profugerant,
647 1452 736 1478 eum
757 1452 885 1490 neque
913 1439 1057 1478 bellum
1090 1440 1170 1490 geri
1192 1440 1275 1478 sine
1297 1440 1534 1479 administris

114 1501 247 1547 posset
268 1502 305 1534 et
326 1508 516 1534 novorum
537 1496 651 1534 fidem
673 1496 712 1534 in
735 1501 837 1534 tanta
867 1496 1025 1546 perfidia
1047 1501 1220 1534 veterum
1243 1496 1409 1547 experiri
1431 1497 1535 1547 peri—

116 1552 293 1590 culosum
314 1552 493 1597 duceret,
516 1552 642 1591 varius
664 1551 916 1602 incertusque
937 1551 1115 1601 agitabat.
1160 1564 1287 1603 neque
1308 1552 1362 1590 illi
1384 1565 1445 1591 res
1466 1566 1534 1592 ne-

115 1620 189 1659 que
200 1607 406 1647 consilium
417 1613 481 1647 aut
492 1609 696 1659 quisquam
708 1607 908 1646 hominum
927 1608 1018 1646 satis
1038 1607 1223 1658 placebat.
1267 1609 1406 1647 itinera
1423 1621 1535 1660 prae-

114 1664 313 1715 fectosque
342 1665 382 1703 in
414 1664 494 1703 dies
522 1671 691 1710 mutare,
721 1664 836 1702 modo
867 1664 1073 1702 advorsum
1101 1664 1246 1711 hostis,
1276 1665 1471 1703 interdum
1494 1666 1533 1704 in

113 1720 343 1759 solitudines
372 1732 558 1772 pergere,
588 1733 701 1771 saepe
724 1721 763 1758 in
792 1720 883 1770 fuga
914 1732 957 1758 ac
978 1726 1067 1770 post
1087 1720 1204 1771 paulo
1225 1721 1264 1759 in
1287 1721 1404 1759 armis
1425 1734 1534 1772 spem

115 1776 276 1823 habere,
300 1776 475 1815 dubitare
504 1777 635 1814 virtuti
657 1789 705 1814 an
726 1776 815 1814 fidei
846 1776 1095 1826 popularium
1117 1776 1247 1815 minus
1270 1778 1463 1816 crederet:
1483 1778 1533 1816 ita

116 1844 363 1883 quocumque
393 1832 611 1871 intenderat
640 1844 702 1870 res
724 1831 905 1870 advorsae
935 1838 1056 1870 erant.
1106 1832 1172 1871 sed
1202 1832 1304 1872 inter
1324 1845 1387 1871 eas
1406 1845 1533 1872 moras
1557 1844 1576 1876 2

118 1895 279 1939 repente
295 1900 380 1935 sese
395 1888 573 1927 Metellus
590 1900 678 1927 cum
690 1888 861 1926 exercitu
878 1887 1057 1927 ostendit.
1080 1888 1267 1928 Numidae
1284 1889 1330 1927 ab
1345 1889 1533 1940 Iugurtha

207 1989 227 2020 6
252 1986 395 2019 inuitum
411 1985 476 2020 PC.
500 1986 646 2019 inuisum
662 1998 693 2029 z,
714 1998 737 2029 p
754 1989 792 2019 in
808 1997 920 2029 marg.
938 1987 949 2029 Ι]
969 1986 1106 2020 djmit.tit
1131 1998 1175 2020 ea:
1192 1987 1337 2021 dimittet
1355 1989 1408 2030 ΡΗ
1429 1991 1445 2020 7
1464 1989 1535 2032 ple·

115 2032 176 2064 bes
194 2042 240 2063 ex
252 2030 361 2073 plebis
378 2032 408 2063 P
423 2030 435 2073 Ιῇ
452 2032 470 2064 9
487 2031 537 2063 illi
555 2043 599 2064 ea:
612 2031 668 2064 illa
682 2033 732 2073 Pl}
748 2034 786 2065 12
805 2032 973 2074 exagitare
991 2032 1054 2073 PC,
1071 2032 1218 2065 excitare
1233 2032 1260 2065 C
1272 2032 1283 2076 ΙΙ
1306 2035 1345 2066 13
1363 2033 1480 2076 plebes
1501 2034 1534 2069 C.

115 2076 213 2119 plebs
227 2075 308 2118 PGH
332 2077 371 2108 14
388 2085 529 2108 accensa
547 2088 591 2108 ex
607 2087 746 2110 accense
765 2076 817 2120 Pu
837 2077 1046 2120 agrestisque
1061 2077 1116 2119 Pu
1137 2079 1173 2110 15
1193 2082 1287 2110 erunt
1306 2077 1359 2121 Pu
1379 2078 1535 2122 frequen-

116 2124 268 2153 tarentur
286 2122 316 2153 P
330 2120 341 2164 ΙΙ
360 2123 399 2153 17
426 2131 489 2163 pos
505 2121 558 2164 Pl}
578 2122 773 2155 consulatus
798 2122 974 2155 mandatur
999 2133 1044 2154 eat
1066 2122 1471 2167 consulatumundattiPH
1495 2126 1532 2157 18

113 2175 329 2208 praenomen
347 2168 370 2198 t.
390 2167 491 2197 estin
507 2166 753 2209 Pduobusque
776 2167 832 2199 vel
853 2168 965 2199 tribus
991 2166 1025 2208 G,
1051 2177 1115 2199 om.
1140 2168 1271 2210 reliqui
1293 2169 1347 2206 (ln
1363 2179 1434 2200 nno
1457 2180 1536 2211 per·-

115 2212 205 2243 bono
231 2221 258 2243 c.
285 2214 409 2243 eoetare
432 2221 527 2242 nunc
551 2215 686 2244 constat
712 2212 933 2244 Ger-lamium
956 2211 1048 2251 falso
1075 2215 1228 2254 testam:
1262 2213 1379 2246 Gaium
1410 2219 1535 2246 vocant

119 2256 202 2288 Gell.
223 2256 243 2288 7
257 2257 323 2297 (6),
338 2256 388 2296 11,
403 2254 425 2288 2
448 2256 554 2288 Prisc.
571 2257 634 2289 vol.
651 2256 689 2288 II
698 2267 732 2299 p.
747 2256 814 2290 382
829 2257 840 2299 Η
864 2259 902 2290 19
921 2257 1031 2299 iussit]
1052 2256 1199 2290 decreuit
1217 2258 1324 2290 uoluit
1341 2270 1368 2290 s.
1381 2269 1462 2301 sp:
1489 2259 1533 2297 cf.

116 2300 164 2332 ad
179 2299 362 2343 40,3112o
387 2299 446 2332 sed
471 2300 572 2342 paulo
598 2301 789 2334 decreuerat
807 2301 870 2343 PC,
897 2313 942 2334 ea·
957 2313 976 2332 z
1002 2304 1163 2344 optimus,
1189 2303 1248 2335 sed
1273 2307 1408 2336 senatus
1433 2304 1533 2347 paulo

116 2345 184 2385 (vel
207 2345 307 2388 paulo
333 2344 441 2385 decio)
468 2345 660 2379 decreuerat
679 2346 918 2388 edeta-fores,
944 2358 972 2387 z,
998 2346 1057 2379 sed
1082 2347 1181 2389 paulo
1207 2352 1283 2380 ante
1309 2352 1444 2381 senatus
1468 2359 1535 2381 me-

117 2389 198 2422 tello
223 2389 405 2422 numidiam
430 2389 623 2423 decreuerat
649 2391 720 2429 (vel
739 2391 917 2433 similiter)
944 2403 982 2422 z:
1019 2392 1060 2424 de
1085 2394 1132 2424 eis
1156 2403 1245 2434 quae
1269 2393 1466 2425 emmam-int
1488 2394 1531 2432 cf.

119 2434 304 2467 Mommsen
329 2435 368 2467 H.
395 2433 432 2466 R.
458 2434 513 2470 2⁶,
548 2434 701 2478 1461124
725 2437 866 2478 experiri
902 2447 945 2468 ex
970 2437 1108 2479 expetiti
1138 2437 1193 2479 ΡΗ
1211 2440 1251 2471 25
1279 2437 1458 2480 deduceret
1483 2438 1532 2476 ij

116 2480 229 2512 uarius
250 2479 283 2520 C,
308 2489 414 2512 uanus
431 2478 574 2523 1201126
598 2480 768 2513 homnium
787 2483 822 2516 P.
846 2481 1031 2514 hominium
1053 2492 1088 2523 p,
1113 2482 1285 2515 hominum
1311 2483 1364 2515 vel
1386 2483 1533 2516 omnium

120 2523 147 2556 C
165 2524 176 2563 ΙΙ
192 2523 347 2567 placebat
373 2535 417 2556 ez·
441 2524 587 2566 placebit
606 2526 635 2557 P
649 2524 660 2567 ΙΙ
678 2527 717 2558 27
743 2530 870 2559 mature
888 2527 917 2558 P
932 2525 943 2569 Η
961 2527 1001 2558 29
1028 2526 1082 2568 an]
1110 2537 1146 2559 ac
1166 2527 1216 2569 Ρξῐ
1236 2527 1312 2561 fidei
1332 2527 1393 2568 PC,
1419 2527 1484 2561 fide
1509 2529 1536 2561 C

117 2568 129 2612 {l
150 2570 191 2602 30
216 2579 327 2602 moras
351 2580 395 2600 αι’
419 2579 529 2602 mores
554 2570 584 2602 Ρ

187 2629 352 2656 Sallustius.
389 2629 439 2656 Ed.
456 2629 488 2656 ΙΙ.
1153 2664 1156 2667 ,
1254 2631 1273 2662 6
