1709 2885
134 104 213 142 100
641 105 674 139 C.
694 105 897 139 SALLUSTl
921 104 1057 139 CRISPI

134 209 273 248 itinere
304 209 442 248 morati
471 209 694 257 adsuerant,
725 216 960 260 postremam
991 208 1255 248 Romanorum
1291 209 1411 249 aciem
1446 211 1549 250 inva-

90 272 110 303 6
135 265 243 305 dunt.
286 272 367 304 tum
389 265 533 305 Marius
562 266 664 317 apud
693 264 841 316 primos
870 265 1025 315 agebat,
1055 265 1159 316 quod
1182 264 1233 304 ibi
1255 265 1441 316 Iugurtha
1461 275 1551 306 cum

134 322 327 373 plurumis
353 328 446 362 erat.
487 322 577 361 dein
598 321 762 360 Numida
792 321 948 371 cognito
969 321 1111 360 Bocchi
1141 321 1305 360 adventu
1335 322 1432 361 clam
1461 332 1550 362 cum

134 378 269 429 paucis
290 378 334 417 ad
356 378 506 430 pedites
528 378 731 417 convortit.
774 377 824 416 ibi
847 377 980 416 Latine
1000 399 1055 406 -—
1077 390 1165 417 nam
1186 377 1289 429 apud
1305 378 1551 419 Numantiam

134 433 243 484 loqui
264 433 449 474 didicerat
469 457 522 462 —-
544 434 731 474 exclamat
752 440 906 472 nostros
925 434 1069 473 frustra
1091 446 1286 486 pugnare,
1317 435 1433 485 paulo
1462 442 1551 476 ante

135 490 298 529 Marium
321 503 390 529 sua
411 503 528 530 manu
550 490 809 530 interfectum.
851 489 965 529 simul
986 491 1154 541 gladium
1177 491 1367 542 sanguine
1388 491 1550 531 oblitum

135 545 354 593 ostendere,
380 559 496 597 quem
509 547 548 586 in
562 559 691 598 pugna
702 546 955 598 satisinpigre
973 548 1102 586 occiso
1125 547 1254 598 pedite
1265 554 1399 587 nostro
1410 560 1552 588 cruen-

93 609 109 638 τ
136 608 292 642 taverat.
343 603 447 654 quod
481 603 544 643 ubi
576 603 718 642 milites
746 615 954 654 accepere,
985 604 1105 654 magis
1136 603 1335 643 atrocitate
1360 604 1415 643 rei
1436 615 1552 656 quam

135 659 208 698 fide
225 659 351 698 nuntii
369 665 577 706 terrentur,
593 659 788 710 simulque
803 659 954 699 barbari
971 661 1121 699 animos
1137 660 1273 700 tollere
1291 666 1328 699 et
1341 660 1380 699 in
1399 661 1553 712 percul-

92 721 111 753 8
135 727 199 754 sos
234 714 432 754 Romanos
465 716 594 755 acrius
623 716 817 755 incedere.
859 717 1010 768 iamque
1031 717 1189 768 paulum
1211 729 1231 756 a
1263 717 1350 767 suga
1379 717 1551 764 aberant,

136 783 225 810 cum
247 771 365 819 Sulla,
388 772 601 823 profligatis
623 772 691 820 eis,
713 784 811 823 quos
831 772 1034 813 advorsum
1057 774 1164 821 ierat,
1188 773 1343 812 rediens
1367 774 1413 812 ab
1436 773 1555 813 latere

94 834 112 865 9
137 828 282 867 Mauris
298 828 476 867 incurrit.
518 828 697 867 Bocchus
713 829 839 868 statim
855 830 1052 869 avortitur.
1094 837 1131 869 at
1146 830 1343 880 Iugurtha,
1361 830 1452 868 dum
1469 842 1555 869 sus-

139 890 286 924 tentare
308 897 401 924 suos
423 891 460 924 et
480 897 604 937 prope
629 885 702 924 iam
723 886 896 937 adeptam
919 886 1116 925 victoriam
1138 886 1306 925 retinere
1328 886 1457 937 cupit,
1479 887 1555 925 cir-

139 948 368 980 cumventus
396 941 443 980 ab
474 941 669 992 equitibus
700 942 830 980 dextra
861 942 1016 981 sinistra
1046 942 1227 981 omnibus
1258 943 1418 990 occisis,
1448 942 1556 981 solus

80 1004 115 1035 10
139 998 242 1036 inter
262 997 335 1037 tela
357 998 528 1037 hostium
548 998 779 1037 vitabundus
801 998 981 1050 erumpit.
1020 1005 1135 1048 atque
1156 999 1311 1038 interim
1335 998 1479 1038 Marius
1495 999 1556 1037 su·

140 1053 237 1104 gatis
256 1054 452 1104 equitibus
469 1054 640 1094 adcurrit
656 1054 797 1093 auxilio
813 1054 907 1101 suis,
923 1067 1022 1106 quos
1038 1054 1128 1106 pelli
1146 1055 1219 1093 iam
1236 1062 1448 1106 acceperat.
1491 1055 1556 1094 de-

79 1117 110 1149 11
140 1110 260 1162 nique
276 1110 408 1150 hostes
424 1111 499 1150 iam
516 1111 690 1162 undique
706 1111 795 1149 fusi.
830 1116 909 1149 tum
927 1110 1194 1161 spectaculum
1206 1111 1391 1149 horribile
1403 1111 1443 1149 in
1455 1123 1559 1149 cam-

138 1166 199 1218 pis
216 1167 460 1218 patentihus:
477 1167 588 1219 sequi
604 1167 740 1218 sugere
757 1167 881 1205 occidi
900 1167 998 1218 capi,
1017 1167 1106 1217 equi
1124 1172 1239 1218 atque
1257 1167 1325 1205 viri
1343 1166 1497 1214 adflicti,
1515 1179 1558 1206 ac

138 1222 248 1262 multi
270 1223 495 1262 volneribus
515 1223 683 1274 acceptis
705 1236 833 1273 neque
854 1223 989 1274 sugere
1005 1235 1121 1274 posse
1139 1236 1265 1275 neque
1281 1223 1449 1275 quietem
1465 1223 1558 1274 pati,

139 1279 210 1318 niti
231 1279 346 1318 modo
366 1293 411 1318 ac
431 1281 558 1319 statim
581 1280 787 1319 concidere
803 1311 812 1326 ,
834 1285 1032 1330 postremo
1055 1280 1204 1327 omnia,
1227 1292 1302 1331 qua
1332 1280 1436 1319 visus
1465 1287 1556 1322 erat,

139 1342 332 1375 constrata
362 1336 448 1375 telis
478 1336 596 1375 armis
626 1335 875 1375 cadaveribus
896 1342 932 1375 et
953 1336 1055 1375 inter
1076 1349 1118 1376 ea
1140 1337 1283 1375 humus
1308 1336 1449 1376 insecta
1471 1348 1561 1375 san-

140 1392 271 1443 guine.

39 1451 115 1488 102
252 1448 346 1488 Post
375 1461 417 1487 ea
449 1448 522 1487 loci
555 1449 693 1488 consul
721 1448 823 1487 haud
855 1448 971 1487 dubie
993 1448 1066 1487 iam
1089 1448 1211 1487 victor
1230 1448 1406 1500 pervenit
1427 1449 1465 1487 in
1488 1460 1560 1500 op-

97 1511 116 1543 2
140 1505 275 1556 pidum
309 1503 470 1552 Cirtam,
500 1517 577 1556 quo
609 1505 718 1544 initio
749 1505 948 1556 profectus
977 1505 1209 1544 intenderat.
1260 1517 1305 1544 eo
1336 1508 1425 1556 post
1459 1504 1559 1544 diem

141 1561 320 1628 quintum
343 1573 460 1623 quam
481 1562 620 1600 iterum
642 1561 794 1600 barbari
816 1560 914 1600 male
936 1567 1202 1612 pugnaverint
1222 1561 1334 1612 legati
1365 1574 1385 1600 a
1406 1560 1560 1600 Boccho

140 1611 322 1665 vendunt,
348 1618 415 1668 qui
437 1617 539 1668 regis
561 1617 687 1656 verbis
709 1617 754 1656 ab
776 1616 897 1656 Mario
920 1617 1111 1668 petivere,
1134 1617 1231 1656 duos
1263 1630 1377 1669 quam
1406 1617 1561 1656 fidissu-

142 1686 227 1714 mos
248 1674 293 1713 ad
316 1686 405 1713 eum
426 1674 617 1721 mitteret,
640 1674 736 1713 velle
757 1673 803 1712 de
825 1686 867 1711 se
889 1679 926 1712 et
947 1673 994 1711 de
1017 1673 1152 1725 populi
1174 1673 1337 1712 Romani
1359 1674 1561 1713 commodo

142 1743 231 1770 cum
253 1731 309 1769 eis
330 1730 534 1769 disserere.
575 1729 638 1769 ille
659 1730 787 1769 statim
809 1729 850 1768 L.
867 1729 1011 1768 Sullam
1034 1736 1074 1768 et'
1094 1731 1136 1768 A.
1159 1730 1373 1769 Manlium'
1365 1742 1420 1769 ire
1442 1729 1562 1769 iubet.

98 1793 118 1826 3
143 1787 210 1838 qui
231 1798 466 1838 quamquam
487 1786 597 1825 acciti
620 1786 746 1833 ibant,
778 1793 904 1824 tamen
935 1785 1079 1837 placuit
1097 1786 1210 1824 verba
1230 1786 1332 1838 apud
1353 1797 1485 1837 regem
1506 1787 1562 1825 sa-

143 1855 244 1891 cere,
266 1843 323 1882 uti
344 1843 545 1894 ingenium
567 1849 632 1881 aut
650 1854 830 1881 avorsum
851 1842 1138 1886 flecterentaut
1159 1843 1343 1894 cupidum
1365 1844 1470 1894 pacis
1500 1855 1564 1882 ve-

102 1908 118 1938 4
143 1900 364 1940 hementius
384 1899 656 1938 accenderent.
698 1899 827 1950 itaque
843 1898 962 1947 Sulla,
980 1899 1092 1937 cuius
1112 1898 1328 1946 facundiae,
1350 1911 1430 1938 non
1452 1898 1564 1938 aetati

145 1969 166 1996 a
186 1956 329 1995 Manlio
351 1968 593 2003 concessum,
617 1967 739 2007 pauca
759 1954 872 1994 verba
895 1954 1163 1994 huiuscemodi
1185 1955 1352 1994 locutus.

104 2021 123 2052 5
256 2009 361 2050 ‘Rex
382 2012 546 2059 Bocche,
569 2023 707 2061 magna
729 2011 869 2051 laetitia
891 2011 1004 2050 nobis
1026 2018 1097 2059 est,
1119 2023 1205 2050 cum
1238 2018 1273 2050 te
1302 2012 1416 2051 talem
1441 2011 1565 2051 virum

147 2069 183 2108 di
213 2080 425 2114 monuere,
456 2068 511 2107 uti
543 2068 750 2119 aliquando
783 2080 915 2120 pacem
938 2080 1053 2118 quam
1074 2067 1218 2107 bellum
1248 2067 1401 2115 malles,
1426 2080 1503 2107 neu
1528 2075 1566 2108 te

147 2131 353 2177 optumum
375 2137 462 2164 cum
487 2137 670 2176 pessumo
694 2125 866 2163 omnium
891 2124 1075 2175 Iugurtha
1097 2124 1296 2163 miscendo
1317 2124 1564 2163 conmacula-

146 2194 222 2234 res,
243 2181 359 2220 simul
381 2181 494 2220 nobis
515 2181 690 2220 demeres
709 2180 884 2220 acerbam
908 2181 1249 2228 necessitudinem,
1270 2181 1414 2232 pariter
1442 2187 1480 2219 te
1500 2192 1565 2219 er-

240 2316 258 2348 2
284 2315 405 2357 agebat
432 2314 466 2355 C,
498 2318 567 2347 erat
594 2314 675 2357 Pon
698 2318 716 2348 5
744 2318 894 2346 nostrum
916 2313 972 2357 ΡΗ
1001 2316 1038 2348 10
1064 2325 1110 2346 an
1135 2313 1301 2357 aberam„
1331 2316 1366 2347 11
1403 2323 1488 2356 quos
1521 2323 1567 2345 ex

149 2359 241 2403 quod
256 2361 309 2402 ΡΙΙ
329 2361 365 2393 21
396 2359 541 2392 insectus
558 2358 610 2403 ΡΙΙ
631 2361 671 2393 25
690 2364 897 2401 pugnauerat
923 2359 1024 2402 legati
1050 2359 1179 2393 boccho
1196 2361 1227 2393 P
1240 2359 1252 2403 ΙΙ
1269 2361 1308 2392 27
1331 2358 1567 2392 adeumitteret

148 2416 193 2437 ex
222 2404 341 2438 adeum
372 2419 410 2435 n
443 2409 512 2437 erat
543 2403 672 2445 (fuitne
695 2404 838 2444 ineraw)
857 2403 909 2454 ΡΙΙ
929 2414 964 2436 se
995 2405 1036 2444 C,
1069 2415 1131 2437 suo
1156 2404 1239 2448 ΡΟΙΙ
1256 2406 1298 2438 30
1323 2404 1371 2437 uti
1396 2403 1567 2454 ingenium

150 2454 207 2483 aut
237 2460 393 2483 auorsum
424 2450 503 2491 CO)
528 2461 547 2481 z
579 2450 652 2490 (sed
679 2451 829 2492 optimus
858 2449 1028 2491 ingenium
1061 2454 1119 2482 aut
1149 2454 1184 2483 ut
1213 2452 1390 2489 auersum),
1423 2448 1471 2481 uti
1500 2458 1565 2480 om.

151 2494 271 2538 PCHp
275 2496 366 2538 aucis
383 2494 436 2539 ΡΙΙ
456 2497 494 2529 31
520 2499 613 2528 tutus
631 2494 784 2528 facundia
803 2495 832 2526 P
847 2493 858 2537 Η
876 2496 916 2528 33
935 2494 1063 2528 laetitia
1082 2495 1177 2529 nobis
1194 2495 1247 2527 Pl
1248 2494 1290 2535 C,
1315 2494 1412 2527 nobis
1438 2493 1567 2526 laetitia

153 2539 298 2583 cneum
323 2540 387 2581 PC,
412 2540 503 2583 quod
532 2540 568 2572 V
581 2539 593 2581 H
618 2542 660 2574 34
683 2540 733 2573 uti
756 2539 819 2580 PC,
844 2544 879 2572 ut
904 2539 997 2582 1011
1023 2541 1064 2573 35
1091 2540 1235 2582 pessime
1259 2520 1290 2572 Ρ
1307 2538 1319 2582 ΙΙ
1348 2541 1389 2573 36
1415 2538 1566 2571 demeres

153 2585 216 2618 PV
215 2585 255 2627 C
289 2596 438 2629 quor-um
460 2585 596 2627 singuli
619 2585 793 2628 dempsere
818 2586 916 2624 (ante
941 2595 1031 2617 corr.
1032 2588 1049 2626 )
1078 2585 1133 2617 vel
1153 2584 1343 2628 dempserat
